4225 5634
468 511 1117 628 CHORDARVM.
1339 541 1432 634 ”7

183 747 463 864 inpliciliimis
493 749 640 859 liguris
669 778 711 857 4.
750 771 789 853 ς.
823 763 866 838 6.
903 775 946 856 7.
977 768 1154 868 quarum
1200 745 1425 842 aflidion'cs
1450 749 1540 826 Τὼ·
1566 735 1627 827 llu'

181 881 321 992 quisque
355 884 518 993 propria
552 883 615 964 sua
647 885 993 997 contemplatione
1025 885 1257 995 conspiciet.
1342 885 1428 972 De·
1471 977 1474 983 ,

182 1013 387 1095 terminatis
436 1011 755 1118 longitudinibus
805 1013 842 1096 L
888 1033 931 1096 et
976 1015 1020 1097 L¹
1071 1015 1240 1098 babetur
1275 1015 1428 1103 ab:

177 1138 400 1244 longitudini
433 1125 613 1227 cuiusuis
643 1143 1005 1226 concamerationis
1045 1147 1087 1228 in
1136 1143 1284 1228 chorda
1338 1161 1428 1229 tea·

178 1269 264 1351 riori
301 1288 352 1355 et
405 1262 501 1352 2L¹
523 1293 576 1349 ε
623 1265 870 1373 longitudini
921 1275 1331 1358 concameratinnum
1381 1274 1425 1356 in

172 1393 301 1481 chorda
349 1401 560 1483 craffioret
614 1396 750 1482 Erunt
798 1420 938 1486 autern
990 1401 1033 1484 in
1076 1422 1245 1513 utraque
1276 1399 1427 1486 chorda

28 1571 29 1606 r
176 1528 521 1613 concamerationes
555 1525 805 1636 replicandae
836 1531 958 1612 donec
990 1533 1185 1640 proxime
1223 1530 1272 1614 ad
1321 1511 1427 1637 pun·

28 1679 29 1684 ‘
173 1653 267 1738 ilum
298 1655 346 1764 b,
381 1659 422 1740 in
462 1681 544 1763 quo
591 1656 763 1760 chordae
813 1660 953 1741 unitae
1005 1663 1127 1762 sunt,
1177 1670 1422 1770 peruentum

166 1787 300 1890 luerit,
336 1806 431 1870 tunc
449 1787 745 1870 concamerario
762 1783 1002 1868 intermedia
1024 1784 1237 1895 utrobique
1258 1782 1421 1893 reliqua

166 1929 211 1992 tx
226 1911 367 1996 duabus
386 1913 635 2022 portionibus
653 1914 862 2019 utriusque
877 1911 1053 1996 cltnrdae
1072 1913 1153 1997 erit
1178 1911 1425 2020 composita,

163 2039 276 2126 fimul
309 2032 464 2127 'tamen
510 2066 611 2130 cum
657 2041 828 2154 reliquis
873 2043 1289 2128 concameratiouibus
1327 2043 1424 2149 syn-

158 2166 306 2258 ebtona.
875 2213 882 2222 ·

298 2394 636 2499 lntcrlediiones,
667 2413 763 2502 quas
798 2415 947 2477 curuae
983 2417 1084 2476 cum
1120 2413 1209 2481 toto
1237 2417 1313 2481 axe
1344 2393 1425 2477 for·

143 2542 300 2626 mant,
350 2521 449 2605 fient
501 2547 644 2607 omnes
692 2546 770 2632 pro
809 2519 948 2604 eadem
981 2517 1130 2608 chorda
1164 2509 1234 2608 snb
1261 2517 1424 2628 angulis
1482 2620 1485 2624 ,

146 2649 322 2762 perindie
353 2648 609 2762 aequalibus:
658 2670 700 2732 at
748 2674 848 2734 uero
880 2650 1087 2732 maximae
1132 2649 1422 2760 amplitudines

146 2781 546 2862 concamerationum
599 2783 640 2860 in
692 2771 841 2858 chorda
894 2777 1113 2881 tenuiori,
1163 2804 1240 2887 pro
1287 2778 1421 2862 nostru
1522 2854 1530 2868 ,

146 2902 337 3014 exemplo
369 2903 476 3001 fiunt
516 2904 694 2994 maiores,
738 2921 864 3010 quam
916 2901 958 2981 in
1009 2897 1162 2990 chorda
1208 2897 1421 3009 craliiori,

29 3090 30 3123 ,
147 3034 329 3146 quamuis
362 3053 484 3116 axem
517 3033 583 3116 iub
623 3029 785 3138 angulo¹
823 3028 990 3111 minori
1030 3026 1299 3134 intersecant,
1343 3053 1420 3113 ex·
1523 3093 1527 3100 .

141 3165 269 3272 ceptis
304 3157 481 3263 rabbus,
513 3161 586 3270 qni
619 3155 766 3268 figuris
804 3167 847 3264 8,
880 3187 909 3266 9
943 3151 1021 3243 etc'.
1056 3161 1329 3275 respondent,
1370 3150 1419 3246 de

137 3293 284 3404 quibus
315 3315 423 3376 nunc
447 3290 598 3375 dicam.
1067 3343 1074 3352 ·

290 3533 329 3650 ς’.-
367 3551 435 3638 ao.
471 3542 661 3632 Notabile
693 3545 781 3648 eii,
829 3537 938 3652 quod
961 3556 1316 3650 'praertemoratae
1348 3547 1419 3660 ui*

124 3675 371 3761 brariunnm
405 3675 792 3786 incircumcisae,
825 3671 1019 3780 quamuis
1063 3664 1253 3759 ‘infinitae
1302 3674 1415 3783 sint,

123 3807 319 3890 nondum
354 3797 490 3890 tamen
525 3825 697 3905 omnes,
728 3823 827 3911 quae
858 3797 960 3882 oriri
994 3792 1179 3907 poliunt,
1209 3802 1415 3910 expleant.

116 3931 174 4019 Id
209 3938 387 4049 quidem
423 3959 502 4018 non
538 3932 654 4046 potui
677 3955 772 4052 ¹non
803 3925 1162 4035 animaduertere,
1203 3931 1416 4042 postquam

113 4063 210 4146 ridi
256 4059 477 4148 transitum
510 4087 533 4146 a
566 4059 889 4166 configuratione
939 4055 1096 4164 figurae
1145 4060 1312 4168 quintae
1364 4045 1413 4146 ad

108 4193 326 4292 textam,
376 4193 420 4273 in
468 4212 546 4300 qua
583 4185 796 4301 polleriori
829 4177 910 4268 tre's
940 4185 1033 4269 subt
1069 4189 1194 4295 nudi,
1240 4203 1333 4272 cum
1369 4190 1412 4271 lta

104 4322 391 4429 praecedente
425 4325 566 4404 unicus
600 4318 722 4418 eliet3
773 4315 881 4398 unde
915 4312 1132 4424 intellexi,
1181 4317 1411 4424 configura-

103 4452 292 4536 tionem
328 4439 418 4534 dari
449 4448 628 4536 mediam
662 4441 814 4662 duppus
843 4443 959 4528 nodis
990 4446 1219 4573 donatam,
1245 4445 1411 4656 qupilffin

781 4597 825 4657 ln
858 4591 884 4671 3
1389 4583 1408 4653 t
