4225 5634
693 490 784 588 aas
927 580 941 626 κ,
1094 458 1680 565 uuuotv⁴1

579 760 582 767 ·
690 730 851 799 rentum
884 712 1011 797 etlam
1052 724 1170 795 motu
1207 700 1460 795 uirillaturio
1508 703 1722 791 imbutum
1763 703 1955 800 contnuo

690 866 742 925 ex
774 839 877 923 tubo
903 840 1070 952 expelli,
1099 836 1234 951 litque
1265 860 1319 921 eu
1340 834 1510 958 futilius
1537 834 1878 947 propugationem
1905 843 1960 929 'iu‘

689 973 783 1057 alite
812 990 981 1057 externo
1014 968 1158 1075 efficia
1189 965 1368 1077 huicque
1393 966 1531 1049 causae
1560 966 1637 1051 dt
1669 966 1956 1080 niueum,

690 1102 798 1212 quod
834 1104 1000 1189 cessante
1032 1096 1255 1183 inflatione·
1273 1102 1386 1181 inum
1416 1092 1549 1178 libitu
1569 1117 1732 1208 quoque
1748 1098 1953 1205 atingua·

688 1250 759 1313 tur
791 1250 889 1315 cum
923 1251 1058 1314 tamen
1092 1230 1311 1312 lecundum
1343 1217 1572 1329 Theuriatn
1611 1226 1756 1314 mutue
1776 1222 1784 1293 ἴ
1799 1228 1953 1317 oscilla·

687 1358 818 1445 tutius
848 1360 892 1443 in
925 1362 1014 1474 ipsu
1045 1355 1141 1444 tubo
1169 1357 1254 1443 diu·
1275 1356 1425 1441 durate
1448 1352 1640 1438 &beret-

883 1698 953 1737 ἱ,
1042 1575 1467 1704 Scholion
1551 1616 1605 1728 ς.

650 1790 652 1795 ·
793 1836 800 1843 .
839 1768 921 1860 65.
964 1756 1041 1844 Sic.
1084 1763 1255 1869 quidem
1302 1751 1581 1862 intelligitur,
1628 1772 1713 1861 cur
1752 1754 1950 1848 inflatione

690 1888 857 1978 cessante
878 1887 996 1973 tibiae
1032 1886 1192 1971 nullutn
1228 1890 1411 1999 amplius
1441 1886 1588 1977 sonum
1621 1885 1755 1992 edant,
1782 1912 1949 1974 vetum·

691 2041 826 2105 tamen
860 2018 904 2103 in
934 2040 1114 2124 genere,
1145 2019 1308 2125 quando
1335 2019 1444 2099 idem
1475 2040 1545 2103 aer
1577 2014 1622 2099 in
1654 2017 1754 2101 tubo
1786 2033 1947 2123 manet,

688 2148 796 2231 ratio
828 2149 965 2231 minus
998 2148 1052 2231 eli
1086 2146 1324 2255 perspicua,
1371 2150 1447 2225 cui·
1493 2158 1640 2261 'ruptus
1685 2142 1946 2233 oscillatutiua

689 2275 733 2359 in
766 2300 816 2359 eo
849 2296 951 2358 mox
983 2266 1286 2381 extinguatur?
1316 2292 1358 2357 et
1387 2276 1461 2358 cur
1500 2272 1544 2355 in
1593 2267 1746 2357 caiibus
1795 2299 1944 2385 praece·

687 2404 818 2488 dentis
851 2403 1008 2513 capitia
1030 2406 1268 2512 neutiquam
1305 2421 1369 2485 tot
1402 2398 1519 2486 uocis
1548 2400 1820 2510 repetitiones*
1861 2424 1943 2517 pet·
2055 2455 2064 2470 -

685 2530 928 2639 cipiantur,
974 2550 1078 2641 quot
1125 2526 1309 2617 Theoria
1349 2528 1531 2634 iudicat,
1577 2530 1622 2613 iu
1659 2528 1945 2639 quofl'lteoria

685 2656 918 2767 plurimum
967 2661 1014 2744 ab
1045 2657 1317 2769 experientia
1362 2656 1553 2759 dissentit
1652 2656 1706 2743 lu
1754 2663 1944 2772 praesente

685 2783 802 2871 enim
838 2790 926 2873 casu
957 2786 1096 2899 elapso
1132 2808 1317 2900 tempore
1345 2785 1606 2896 quantumuia
1643 2780 1790 2897 magne
1815 2786 1943 2873 taicu-

685 2908 751 2998 lus
783 2916 910 3003 etiam
945 2941 1051 3001 nunc
1098 2936 1225 3027 aeque
1270 2911 1555 3002 uehementem
1603 2915 1709 2999 aeris
1754 2917 1944 3025 agitatio·

684 3046 854 3128 nemin
889 3044 985 3131 tubo
1016 3044 1184 3131 ostendit
1213 3070 1259 3130 ac
1300 3041 1434 3129 statim
1482 3044 1530 3128 ab
1581 3042 1741 3151 initio,
1784 3048 1942 3131 interim

686 3188 822 3255 tamen
853 3175 1106 3284 experientia
1139 3176 1331 3259 nouimus
1364 3189 1494 3260 totam
1530 3173 1797 3281 agitationem
1835 3174 1944 3261 initio

683 3302 926 3411 produdiam
962 3324 1064 3388 mox
1096 3304 1260 3414 penitus
1290 3303 1487 3409 interire,
1535 3300 1613 3387 nisa
1657 3306 1856 3390 continuo
1898 3302 1942 3388 de
2070 3399 2071 3410 Ν

681 3452 795 3513 nouo
827 3430 1096 3548 instauretur,
1131 3434 1237 3517 unde
1270 3452 1378 3533 certe
1410 3429 1696 3536 grauiiiimum
1728 3456 1944 3541 argumen-

682 3570 780 3641 tum
823 3576 965 3645 contra
1014 3562 1188 3647 nostram
1236 3556 1462 3644 ‘luentium
1511 3562 1595 3669 peti
1636 3561 1746 3673 poffe
1776 3564 1943 3648 ridetur.

679 3680 841 3770 Verum
875 3708 1030 3801 praeter
1063 3684 1237 3799 plurima
1269 3682 1346 3771 alia
1380 3706 1520 3771 mutua
1551 3686 1851 3800 impedimenta
1868 3689 1943 3801 ipsa

679 3814 766 3897 rubi
800 3816 958 3905 indoles
991 3816 1038 3901 ad
1071 3812 1172 3901 hanc
1199 3812 1466 3901 nbitdiionem
1499 3814 1739 3904 diluendum
1794 3816 1944 3931 potill‘t·

679 3958 800 4022 anum
837 3942 998 4054 spedari
1035 3946 1148 4029 debet
1175 3939 1331 4027 etiam‘fi
1365 3946 1479 4029 enirn
1512 3940 1633 4029 tubua
1681 3969 1737 4037 ex
1789 3942 1947 4036 duriffi·

675 4090 744 4153 rua
778 4074 945 4157 materia
979 4072 1029 4158 fit
1060 4072 1269 4156 conludius
1296 4068 1429 4157 tamen
1459 4096 1503 4155 ea
1523 4075 1628 4159 airis
1659 4074 1944 4186 agitationibus

627 4194 831 4305 ‘semper
861 4198 1164 4308 aliquantillum
1198 4200 1339 4304 cedit,
1386 4223 1479 4287 cum
1513 4194 1648 4288 'tamen
1692 4207 1737 4291 in
1787 4201 1946 4290 calculo

671 4325 798 4409 latera
852 4328 940 4411 tubi
987 4347 1105 4412 tanto
1155 4332 1317 4437 rigore,
1347 4328 1522 4440 praedita
1568 4329 1850 4437 adnotantur,
1899 4350 1947 4419 tt
2067 4349 2068 4364 ¹

669 4452 825 4541 uulliua
857 4455 975 4568 plane
1007 4456 1277 4602 impreffionia
1296 4451 1350 4545 ''et
1381 4456 1613 4605 agitationis
1643 4456 1724 4553 lint
1755 4462 1949 4608 capacia?

754 4624 760 4629 .
1074 4605 1082 4631 Ι
1126 4604 1135 4629 3
1345 4616 1348 4624 ·
1375 4604 1380 4617 '
1591 4620 1597 4630 .·
1876 4613 1948 4679 ‘m
