4225 5634
686 494 779 583 „a
946 454 958 475 “
1083 407 1643 551 θιῑινιστνῗΔ

684 706 787 792 tutis
837 724 910 815 pet
959 715 1172 809 praecepta
1224 676 1315 790 ait'e
1352 676 1506 788 tredita'
1524 686 1795 785 Leontinuatio
1822 720 1968 788 earnm
2093 731 2094 738 Ν

534 867 543 883 ·
631 886 633 893 ·
684 834 795 918 ultre
828 839 868 919 A
901 827 1093 915 uersusl
1126 834 1180 912 ita
1223 828 1380 913 institui
1429 832 1571 933 debet:
1618 826 1787 935 Primo
1815 832 1969 915 scilicet

681 966 776 1072 quia
810 959 950 1045 ambae
982 961 1105 1043 scalae
1138 956 1185 1039 ab
1217 962 1259 1041 A
1292 960 1341 1041 ad
1374 953 1415 1043 G
1448 966 1491 1047 in
1525 958 1656 1068 ipsum
1689 981 1809 1041 axem
1860 958 1967 1051 AG

680 1091 898 1193 incidunt,
933 1110 1005 1205 per
1037 1092 1296 1170 tantumdem
1330 1089 1505 1193 spatium
1544 1084 1813 1205 Angss}
1849 1109 1964 1177 utta-

679 1242 762 1331 wque
795 1220 892 1303 scala
926 1215 1077 1327 pariter
1112 1216 1167 1331 itr¹
1186 1235 1307 1299 exem
1344 1219 1427 1326 Ag
1456 1218 1589 1321 cadet,
1625 1237 1716 1321 tum
1746 1226 1964 1337 ueroquia

676 1350 796 1432 tubus
829 1346 877 1429 ud
911 1348 951 1427 A
982 1346 1048 1427 eii'
1070 1363 1233 1458 apertus
1267 1333 1365 1428 senia
1420 1330 1663 1430 denfiratur'n
1710 1351 1967 1435 continuabi-

676 1494 748 1559 -tur
782 1480 831 1560 in·
849 1470 975 1584 grah
1003 1476 1140 1557 curua
1165 1460 1290 1555 'st'miii
1311 1456 1547 1583 ap‘ossGm
1564 1477 1613 1561 H·
1633 1478 1690 1559 ed
1709 1471 1964 1567 contr-'ariam
2050 1555 2055 1562 .

671 1604 762 1688 axis
796 1623 955 1713 partem
990 1600 1075 1685 stra.
1140 1602 1221 1684 Pro
1240 1602 1558 1689 rontinuatione
1590 1628 1692 1689 uero
1723 1606 1844 1691 seriae
1891 1638 1963 1698 te·

677 1730 892 1816 letitatum
925 1730 1061 1814 sumta
1084 1728 1244 1815 absciffa
1281 1737 1318 1813 A
1339 1746 1359 1812 s
1380 1753 1433 1811 ::
1453 1736 1552 1818 A'T
1568 1762 1620 1821 z:
1637 1758 1688 1835 x,
1721 1753 1764 1820 et
1799 1764 1959 1831 ,uocata

677 1860 882 1973 spplicata
926 1858 1033 1947 ΤΜ
1053 1880 1108 1937 2·
1113 1883 1171 1965 y,
1221 1859 1419 1944 existente
1465 1860 1687 1947 interuallo
1744 1864 1959 1981 1A:a;

870 2004 872 2013 ,
924 1984 948 2027 a
1209 1993 1215 2000 .

673 2054 876 2166 quantitas
907 2040 999 2159 εἴ,
1051 2051 1148 2163 quit
1180 2079 1210 2141 tr
1241 2073 1400 2153 tantum
1435 2052 1510 2171 per
1544 2056 1778 2170 spatiolum
1826 2062 1959 2151 mini·

673 2220 794 2284 mum
826 2195 926 2288 GH
962 2199 1179 2311 variatur,
1228 2224 1276 2289 ut
1306 2208 1482 2291 constans
1512 2209 1676 2319 spensti
1714 2217 1861 2323 poterit
1894 2214 1953 2321 ita

672 2344 721 2411 ut
753 2326 804 2411 fit
833 2350 886 2410 ex
921 2328 1054 2440 (107)
1086 2356 1227 2436 azy
1259 2334 1323 2418 stu
1357 2338 1639 2447 taz-TN,
1672 2362 1953 2452 totaquecur·

652 2476 723 2549 ,ua
768 2452 886 2567 gub
934 2454 1082 2569 fimilis
1135 2457 1331 2548 scalae‘G
1351 2462 1394 2548 N
1414 2466 1455 2549 H
1506 2470 1628 2555 etad
1660 2476 1827 2560 eandem
1862 2477 1956 2561 axis

673 2602 834 2695 partem
866 2583 1064 2697 dispoiira.
1146 2589 1245 2673 Hoc.
1270 2595 1398 2677 modo
1431 2613 1519 2701 tots
1568 2600 1783 2713 utriusque
1832 2605 1953 2690 scalae

667 2713 923 2808 continuatio
955 2710 1205 2823 haberetur,
1256 2718 1286 2801 sr
1324 2723 1443 2808 tubus
1475 2728 1526 2809 ad
1567 2728 1739 2817 aiteram
1790 2756 1949 2847 partem

669 2840 714 2927 in
749 2838 966 2923 infinitum
999 2840 1096 2927 effer
1128 2848 1343 2955 extensus,
1391 2852 1448 2936 srn
1483 2874 1621 2940 autem
1655 2861 1802 2945 alicubi
1838 2867 1880 2950 in
1912 2864 1950 2952 B

670 2968 999 3077 terminaretur,
1050 2996 1173 3081 prout
1222 2976 1278 3059 ibi
1332 2985 1436 3067 {oret
1467 3006 1631 3093 apertus
1663 2990 1729 3074 uti
1762 2990 1950 3099 clausus,
2004 3054 2011 3063 -

535 3112 544 3121 ’
667 3120 802 3185 nouae
855 3099 1136 3209 repetitiones·
1168 3104 1381 3217 utriusque
1432 3111 1553 3197 scalae
1600 3118 1693 3204 inde
1737 3120 1950 3211 orirentur

663 3229 832 3342 prorsus
863 3248 911 3311 ut
942 3232 985 3311 in
1020 3228 1123 3311 tubis
1153 3232 1403 3336 cylindricis.
1502 3242 1578 3327 Hic
1609 3268 1750 3335 autem
1783 3272 1946 3339 natum

662 3356 935 3467 agitationem
970 3380 1071 3465 quae
1102 3358 1147 3439 in
1183 3357 1273 3469 ἐρῶ
1303 3364 1465 3482 orificio
1495 3373 1578 3457 Aa
1609 3379 1821 3487 gignetur,
1848 3410 1950 3495 pet·

661 3484 833 3570 scrutari
862 3483 917 3565 ess
951 3482 1240 3596 propofitum,
1285 3498 1481 3603 quoniam
1513 3526 1560 3585 ea
1591 3527 1689 3595 curo
1720 3486 1810 3599 rere
1841 3511 1947 3598 ribe-

661 3634 713 3701 ro
759 3610 1129 3723 communicatur,
1177 3617 1222 3701 in
1271 3647 1398 3749 eoque
1448 3615 1625 3716 ulterius
1647 3637 1949 3753 propagatur,

613 3764 762 3875 'quae
794 3756 930 3825 autem
963 3742 1153 3853 deinceps
1181 3750 1319 3837 adhuc
1351 3758 1606 3844 nascerentur
1652 3770 1947 3883 repetitiones,

659 3890 725 3958 eas
757 3868 826 3955 iric
859 3886 1001 3981 utpote
1036 3895 1172 3959 meras
1204 3882 1446 3967 resonantias
1478 3911 1560 3972 oon
1592 3896 1838 4011 persequar,
1887 3904 1946 3987 fi-

655 3999 825 4109 quidem
858 4019 998 4085 etrum
1031 4003 1139 4101 ratio
1161 4027 1227 4111 xerr
1260 4010 1529 4121 superioribus
1548 4023 1650 4105 -satis
1688 4029 1747 4124 est
1800 4036 1947 4118 mani.
2093 4077 2094 4080 κ

503 4160 508 4171 ·
657 4128 765 4217 festu
830 4127 881 4217 In
912 4132 955 4219 Α
986 4152 1087 4261 ergo
1116 4155 1183 4217 aer
1214 4139 1296 4221 erit
1328 4142 1575 4255 tranquillus
1604 4151 1735 4252 donee
1763 4158 1946 4257 enim.

656 4272 716 4355 rit
750 4294 912 4395 tempus
942 4300 996 4363 z
1016 4266 1108 4407 {93
1156 4303 1202 4369 ac
1231 4302 1327 4373 turn
1360 4288 1485 4379 srmui
1518 4317 1691 4413 uterque
1723 4309 1859 4418 puisus
1889 4338 1949 4404 eo

562 4426 568 4433 '
651 4420 847 4541 appellet.
931 4422 1151 4521 Sumturus
1184 4439 1381 4560 rttinque
1413 4446 1678 4579 interuallum
1710 4455 1946 4560 AizAt

1778 4619 1832 4675 z
1849 4619 1872 4678 c
1890 4612 1946 4703 r,
