4225 5634
491 496 575 592 ou
628 432 839 626 corun,
881 501 1147 603 tuours..
1343 537 1437 635 479

154 753 281 844 quam
316 729 360 819 in
394 731 565 827 bomine
597 738 767 852 aliisque
799 739 1044 849 animalibus
1078 740 1440 853 oblongiorvideti

152 864 295 948 debet.
342 865 385 968 Si
423 893 523 956 uero
557 870 812 957 uentriculus
848 899 925 956 una
963 898 1056 957 curn
1099 880 1211 985 septo
1259 877 1302 960 in
1354 879 1442 990 pla-

151 997 302 1077 nitiem
367 1004 681 1109 extenderetur,
731 1001 838 1084 baud
890 1004 1024 1085 rnuito
1078 1004 1148 1085 ille
1205 1009 1438 1117 minorem,

151 1146 278 1232 quatu
313 1149 385 1210 cor
419 1131 586 1240 ipsum,
629 1130 891 1215 latitudinem
941 1130 1140 1241 haberet,
1191 1138 1438 1250 eandemque
1479 1130 1508 1137 '¹

150 1255 232 1338 sere
271 1252 451 1363 figuram
486 1262 756 1368 exprimeret.

298 1388 472 1498 Septum
527 1391 679 1476 scilicet
730 1391 774 1475 in
809 1389 1061 1479 ventriculo
1113 1393 1283 1478 dextro
1316 1396 1607 1511 ualdesep'nrm.

149 1532 382 1602 conuersum
416 1516 508 1624 est,
542 1521 602 1604 sed
635 1520 719 1603 alio
753 1524 909 1628 modo,
943 1550 1068 1637 quam
1124 1524 1199 1608 esse
1248 1522 1403 1636 solet
1390 1513 1544 1685 rnT¹b·
1576 1516 1648 1588 xil

148 1643 237 1731 aliis
270 1645 513 1731 animalibus
545 1668 588 1733 et
619 1652 659 1731 in
695 1646 881 1735 humine.
972 1654 1021 1739 In
1056 1654 1120 1737 his
1169 1650 1292 1779 enim
1334 1682 1426 1765 con·
1451 1610 1529 1709 Fig
1558 1632 1652 1711 μ’

146 1775 304 1862 uexitas
339 1775 430 1861 haec
468 1777 570 1885 septi
605 1780 785 1863 maxime
816 1807 838 1862 a
874 1783 1044 1867 crassitie
1077 1782 1207 1889 cartais
1251 1785 1430 1891 pendet;

143 1909 260 1991 saties
294 1904 490 2015 siquidem
516 1904 615 2013 septi
634 1911 673 1987 iu
694 1910 971 1993 uentriculum
993 1883 1197 1994 sinistrum
1222 1912 1430 2019 respiciens

141 2031 253 2118 haud
289 2054 396 2118 tanta
428 2035 678 2117 concauitate
715 2041 894 2145 praedita
913 2040 984 2139 est,
1016 2059 1219 2149 quantum
1241 2040 1427 2127 cunucxa

138 2166 196 2249 est
230 2166 273 2249 iu
309 2164 542 2247 uentriculo
572 2164 752 2269 dextro,
803 2166 865 2253 sed
897 2166 1035 2273 potius
1067 2162 1186 2271 plana
1221 2168 1288 2252 esi.
1378 2166 1426 2273 ln

136 2287 262 2406 leone
296 2310 435 2415 contra
469 2288 702 2374 concauitas
734 2291 835 2399 septi
880 2291 921 2375 in
981 2288 1217 2378 uentriculo
1266 2294 1425 2384 sinistro

129 2419 398 2507 connexitati
432 2443 512 2530 qua
545 2421 587 2502 in
619 2420 814 2504 dextrum
846 2421 1016 2543 spediat
1033 2418 1209 2545 aequalis
1246 2426 1335 2529 esi,
1381 2444 1424 2511 et

132 2566 230 2634 tota
264 2546 365 2631 haec
398 2551 633 2633 conuexitas
654 2576 690 2640 a
721 2550 819 2658 septi
870 2530 1187 2659 complicatione
1235 2557 1421 2659 pendet3

131 2701 271 2786 neque
305 2680 344 2757 in
378 2676 573 2783 plurimis
606 2676 706 2761 locis
735 2677 813 2763 boc
846 2679 1006 2788 septum
1040 2678 1256 2763 craslitiem
1297 2702 1319 2780 5
1351 2676 1419 2765 rel

131 2816 166 2889 6
205 2805 408 2888 linearum
441 2796 612 2889 excedit.
711 2803 760 2891 In
797 2802 876 2894 sola
909 2828 1023 2916 parte
1058 2804 1201 2890 infima
1234 2806 1418 2896 ubicum

132 2936 358 3049 parietibus
391 2934 714 3020 uentriculotum
740 2937 1006 3043 coniungitur
1022 2936 1190 3021 crassitie
1213 2962 1265 3019 10
1289 2936 1418 3023 linea·

134 3088 234 3149 rum
267 3068 336 3149 est.
402 3066 596 3171 Adeoque
626 3072 785 3175 septum
821 3067 864 3147 in
907 3072 1027 3154 corde
1076 3066 1206 3149 leonis
1255 3066 1412 3151 nonnisi

132 3193 288 3282 lamina
320 3218 462 3276 carnea
491 3195 578 3301 est,
613 3196 667 3277 ita
701 3195 978 3306 complicata,¹
1003 3215 1051 3279 rt
1082 3217 1260 3279 concaua
1295 3197 1414 3282 sacies

130 3327 271 3410 uersus
307 3325 543 3423 srnislrurn,
577 3349 759 3407 connexa
794 3332 931 3409 uersus
962 3330 1158 3413 dextrum
1201 3324 1414 3408 ventricu-

131 3449 225 3537 lum
262 3454 461 3562 respiciat.
527 3447 578 3532 In
611 3453 701 3535 aliis
734 3452 974 3549 animalibus
1008 3457 1072 3540 uti
1123 3456 1165 3537 in
1195 3448 1410 3563 bomine,

130 3586 248 3669 densa
284 3581 403 3667 masia
436 3605 580 3665 carnea
622 3584 787 3689 utrique
809 3668 812 3673 ,
837 3581 1073 3668 uentriculo
1093 3583 1253 3671 acordis
1300 3583 1419 3681 reeta,

129 3710 371 3825 interposita
404 3710 468 3795 est.
533 3707 760 3795 Caeterum
809 3708 906 3792 haec
954 3714 1054 3819 septi
1105 3713 1218 3795 facies
1266 3708 1408 3799 dextra

128 3842 312 3950 aequalis
343 3840 430 3941 eil,
469 3861 600 3945 neque
632 3836 793 3921 lacertis
844 3843 1026 3946 carneis,
1083 3862 1211 3948 neque
1260 3836 1406 3927 fissuris

125 3989 199 4053 aut
235 3973 394 4073 soueis‚
427 3985 475 4051 ut
506 3966 581 4049 esse
614 3967 713 4053 solet
745 3970 786 4051 in
819 3965 912 4053 aliis
946 3964 1203 4073 animalibus,
1233 3974 1408 4074 praedita

27 4073 28 4154 ἶ
125 4100 225 4207 est3
271 4102 379 4184 unde
430 4097 603 4181 omnino
651 4095 814 4208 aliquod
869 4115 1138 4203 augmentum
1194 4100 1413 4207 'capacitati

124 4228 355 4314 ventriculi
401 4225 565 4313 accedit.
658 4226 722 4329 Iu¹
743 4245 853 4336 parte
883 4227 1067 4313 inferiori
1113 4224 1268 4341 aliquot
1300 4236 1405 4312 sora·

125 4357 297 4442 mitrula
345 4379 462 4442 coeca
513 4355 663 4459 exigua
712 4355 873 4439 dantur.
948 4354 1019 4440 -In
1053 4375 1168 4465 parte
1207 4354 1404 4465 superiori

111 4482 396 4583 *filamentutn
439 4486 625 4573 exoritur
680 4488 751 4591 (o.
781 4477 864 4597 B.)
912 4485 955 4571 in
998 4484 1193 4576 ualuulae
1239 4489 1403 4569 uennsae

1216 4629 1401 4733 *partem
