4225 5634
567 464 808 633 'm
1045 508 1660 613 mmmm

714 732 1154 865 partem'anteriorem
1188 750 1430 859 insertum,
1478 750 1586 861 quod
1626 748 1771 864 ‘ipsum
1823 748 1866 838 iu
1912 745 1989 845 fele

713 906 795 971 non
829 886 955 969 modo
984 888 1048 973 sed
1080 884 1208 971 etiam
1241 885 1285 967 in
1318 880 1489 969 homine
1520 882 1703 969 inueniri
1738 880 1849 969 solet.
1942 965 1944 969 ,

498 1103 701 1179 uariarum
849 1075 989 1163 Paries
1018 1075 1241 1167 ventriculi
1276 1075 1411 1165 dextri
1444 1093 1655 1181 externus,
1686 1075 1821 1163 tenuia
1850 1075 1908 1163 est
1946 1096 1983 1165 et

326 1292 330 1300 .
400 1223 405 1229 ’
495 1198 822 1323 nicander-irrue
853 1225 895 1288 et
927 1207 1144 1319 amplior,
1174 1232 1299 1319 quam
1333 1208 1407 1321 qui
1451 1206 1677 1317 requiritur
1723 1210 1773 1291 ad
1826 1210 1983 1315 septum

476 1319 575 1479 Ἐξ
711 1339 968 1441 tegendum,
995 1339 1131 1445 adeo,
1162 1360 1211 1421 ut
1241 1336 1416 1425 notrbrle
1462 1336 1640 1445 spatium
1690 1332 1796 1419 inter
1844 1360 1984 1421 conu-

494 1410 681 1601 {gszm
713 1463 885 1551 uitatem
929 1461 1055 1551 huius
1105 1468 1270 1575 patietis
1320 1486 1364 1547 et
1413 1464 1514 1573 septi
1565 1464 1867 1549 connexitatem
1920 1466 1980 1549 iu·

494 1608 580 1699 ep.
603 1630 631 1712 r,
652 1628 684 1677 a.
711 1594 896 1678 tercedat.
994 1595 1176 1681 Firmior
1207 1596 1430 1703 duriorque
1468 1614 1614 1679 contra
1666 1592 1715 1677 in.
1757 1590 1849 1677 aliis
1898 1595 1981 1677 ani·

498 1731 526 1779 ‘·
547 1705 602 1781 a,
700 1716 883 1837 ,matum
909 1746 1020 1825 caro,
1047 1748 1149 1833 quae
1168 1724 1276 1811 hunc
1305 1724 1503 1841 parietem
1533 1720 1758 1823 constituit,
1791 1722 1979 1829 contigua

701 1848 823 1957 'septo
855 1852 1088 1937 incumbere
1123 1850 1234 1939 solet.
1268 1850 1473 1941 Craffitiet
1501 1852 1634 1937 carnis
1661 1848 1790 1936 huius
1821 1852 1979 1963 parietis

558 2063 564 2091 ‚
709 1976 753 2060 iu
785 1998 904 2087 parte
937 1984 1131 2088 superiori
1165 2008 1301 2095 propo
1331 1978 1436 2067 basra
1480 1998 1636 2068 remota
1687 1980 1838 2089 adipe,
1887 2004 1981 2091 quae

708 2100 829 2190 iilam
858 2108 901 2195 in
933 2104 1013 2193 hoc
1049 2110 1143 2201 loco
1176 2114 1298 2218 tegit,
1327 2136 1359 2213 4
1392 2110 1510 2197 lineis
1539 2106 1718 2220 aequalis
1734 2110 1799 2195 est.
1833 2104 1981 2194 Verius

706 2233 866 2345 apicem
901 2234 1042 2322 [enim
1078 2243 1243 2325 tenuior
1275 2236 1348 2327 illa
1380 2239 1527 2325 euadit.
1571 2240 1621 2326 ln
1653 2238 1769 2323 corde
1801 2234 1980 2327 humano

710 2362 755 2450 in
785 2386 871 2474 quo
900 2358 1157 2455 ventrtcntus
1187 2370 1310 2479 longe
1330 2390 1468 2453 mmor
1485 2370 1555 2473 eii,
1580 2374 1748 2455 eundem
1766 2362 1978 2452 craffiriem

710 2489 868 2583 inueni.
968 2494 1128 2586 latete
1176 2518 1219 2587 et
1256 2502 1301 2584 in
1355 2497 1490 2585 uitulo
1540 2496 1805 2613 proportione
1855 2496 1978 2582 cordit

705 2618 898 2709 crass'ttiet
929 2625 1053 2710 etiam
1090 2652 1210 2737 quam
1244 2628 1290 2714 in
1324 2622 1494 2714 homine
1526 2632 1666 2715 multo
1700 2628 1834 2710 maior
1869 2626 1932 2712 est.

501 2790 673 2963 ΠῈᾞΓ
862 2810 1010 2923 Neque
1042 2815 1141 2911 huic
1173 2820 1320 2933 parieti
1368 2794 1495 2907 multi
1550 2818 1689 2910 incerti
1738 2814 1975 2926 musculofi,
2028 2846 2034 2859 ’

498 2915 689 3069 ,Ἦῦξῖῐὶ
710 2933 857 3043 quibus
888 2946 1109 3034 uentriculi
1140 2955 1291 3039 cauitas
1333 2970 1638 3061 occuparetur,
1688 2949 1826 3037 adnati
1874 2957 1973 3033 tunt.

497 3095 571 3185 Fig.
600 3116 635 3185 3·
712 3058 923 3155 Maximus
949 3100 1098 3160 eorum
1132 3084 1220 3182 est,
1253 3081 1324 3189 qui
1355 3082 1457 3192 parti
1492 3083 1653 3192 parietis
1686 3079 1879 3165 anteriori
1929 3076 1976 3163 ad

495 3216 533 3287 Ρ·
559 3218 591 3290 t·
618 3218 649 3267 f·
710 3190 848 3282 hamt
885 3203 954 3312 (p.
989 3232 1025 3313 p.
1065 3234 1097 3293 r.
1122 3208 1149 3321 ).
1229 3206 1309 3297 Ille
1356 3212 1572 3303 bifurcatus
1603 3210 1733 3297 estet
1763 3208 1874 3315 apice
1906 3210 1979 3291 suo

710 3323 753 3404 in
816 3337 1129 3420 extremitatem
1196 3340 1384 3424 dextram
1455 3338 1641 3426 ualuuire
1719 3334 1979 3445 tricuspidalis

709 3450 839 3545 didiae
873 3465 1084 3549 anterioris
1117 3467 1339 3577 inseritur,
1385 3494 1511 3581 quam
1569 3489 1698 3555 tutam
1749 3466 1859 3553 iolut
1911 3460 1977 3547 hic

586 3614 589 3619 ·
711 3576 914 3668 urciculm
967 3590 1139 3680 sustinet.
1223 3599 1374 3703 Alter,
1425 3600 1553 3709 priori
1603 3602 1796 3701 uicinus,
1844 3596 1981 3709 (pp.)

710 3732 806 3795 tum
841 3712 1006 3825 eiusque
1037 3750 1157 3811 crure
1190 3726 1319 3811 ulcero
1358 3750 1578 3814 connexus·
1617 3724 1848 3836 srmplicior
1896 3724 1982 3825 est,
2065 3766 2069 3771 -

710 3858 751 3923 et
785 3838 823 3917 in
860 3842 1071 3935 vaiuulum
1107 3853 1365 3965 posteriorem
1410 3857 1611 3943 inseritur.
1695 3852 1857 3941 Praeter
1910 3850 1982 3934 hot

641 4008 645 4017 ·
711 3966 751 4047 5¹¹
790 3990 901 4071 Parte
934 3974 1059 4063 huius
1093 3985 1256 4089 parietis
1289 3984 1476 4091 suprema
1519 3985 1710 4099 quaedam
1761 3980 1983 4066 columnae

709 4092 953 4194 ramifitutte
985 4113 1132 4193 duntur
1162 4118 1244 4207 (r).
1280 4092 1283 4103 ’
1318 4106 1525 4199 Vuluulae
1558 4113 1725 4201 venosae
1760 4134 1851 4219 part
1883 4107 1984 4191 smi-

712 4220 884 4329 stffl‘ffr
915 4261 1015 4339 utrae
1048 4239 1145 4349 septi
1177 4240 1288 4327 faciei
1339 4244 1553 4352 posseriori
1603 4236 1820 4345 adhaeret,
1858 4241 1988 4323 merit
2074 4248 2075 4300 ἓ

708 4346 926 4443 filameutis
958 4363 1183 4455 sustinetur.
1246 4366 1486 4464 Generatim
1521 4395 1664 4455 omnes
1696 4366 1738 4452 hi
1780 4368 1986 4473 faicicuii,
2073 4412 2074 4415 κ

706 4501 809 4591 ‘1¹¹⁰‘
839 4496 1075 4583 enumcreui
1095 4560 1110 4612 ,
1140 4498 1238 4587 adeo
1266 4496 1383 4615 plani
1414 4522 1455 4591 et
1487 4520 1628 4589 tenuet
1664 4500 1757 4587 sunt
1808 4516 1861 4583 vt
1912 4499 1988 4583 uix
2072 4552 2073 4600 ,

1861 4630 1989 4739 quid·
