4225 5634
716 566 817 666 49⁶
928 550 937 565 ·
1041 522 1168 671 ''oaj‘
1190 526 1391 641 coroa
1439 526 1669 639 uaours.
1746 484 1750 493 ’

720 769 972 903 pulmonalia
1005 803 1205 892 truncus,
1237 783 1286 868 ad
1319 780 1485 868 eandem
1519 782 1714 869 arteriam
1749 776 1792 866 in
1796 773 1988 899 homine

716 925 983 1067 proportione
1017 848 1237 1002 ΔΔΔΔΔὶΔΔΔί
1271 912 1330 998 sui
1365 912 1499 998 dextri
1520 915 1584 1000 eil
1616 914 1682 998 vti
1723 933 1769 992 a:
1759 924 1847 1018 ul.
1924 918 1987 1005 Sed

714 1052 802 1135 eius
844 1071 982 1135 ramus
1015 1045 1157 1134 dexter·
1192 1037 1377 1130 vt'122
1410 1062 1452 1127 et
1485 1028 1637 1130 finister
1666 1042 1766 1130 adeo
1804 1034 2034 1153 vt1.2;.'

717 1179 927 1267 Probabile
976 1180 1109 1287 igitur
1157 1177 1242 1280 est,
1292 1173 1404 1258 idem
1455 1175 1641 1261 uasorum
1687 1175 1984 1265 decrementum

716 1312 1004 1396 continuatum
1039 1308 1094 1394 iri
1131 1328 1263 1417 porro·
1288 1328 1369 1415 per·
1391 1304 1641 1391 succedentes
1679 1304 1986 1395 rumifirationes

717 1440 851 1543 adeo,
884 1460 934 1524 ut
969 1439 1012 1523 in
1044 1437 1258 1524 ordinibus·
1285 1433 1473 1543 ultimis,
1526 1437 1569 1519 in
1603 1435 1764 1520 decimo
1813 1442 1984 1549 quinto,

715 1568 878 1654 decimo
913 1568 1027 1655 sexto
1060 1566 1128 1653 vel
1163 1569 1370 1678 septimo,
1403 1588 1499 1651 uam
1531 1550 1736 1675 usquead
1768 1566 1922 1675 viginti
1951 1578 1987 1655 et

577 1688 584 1699 ’
716 1698 890 1807 triginta
936 1696 1141 1787 eiusmodi
1190 1714 1406 1781 ramorum
1457 1694 1673 1783 diuifiones
1722 1698 1766 1781 in
1826 1693 1988 1784 homine

494 1834 532 1920 ,⁴
719 1827 930 1915 numerari
963 1828 1124 1923 solent.
1157 1823 1318 1911 vaseula
1346 1826 1752 1941 decuplo-quoque··‚
1804 1826 1874 1911 uel
1907 1852 1989 1937 par·

530 1948 537 1958 ’
717 1959 825 2045 tibur
856 1959 1026 2043 decimis
1058 1980 1206 2043 nouem
1248 1978 1372 2066 quam
1394 1966 1398 1972 ’
1417 1955 1462 2041 in
1511 1952 1682 2042 homine
1732 1959 1990 2068 proportione

567 2090 602 2132 '·
716 2084 941 2179 renniruli
974 2086 1118 2173 finistri
1151 2086 1311 2172 minora
1344 2081 1436 2169 ΔΔΔ.
1498 2084 1642 2199 Quum
1665 2105 1820 2173 autem
1843 2089 1990 2173 ultima

716 2214 877 2308 vascula
903 2217 952 2304 'in
978 2214 1222 2302 animalibus
1253 2214 1415 2300 nonnili
1447 2218 1571 2301 unius
1598 2214 1759 2326 globuli
1791 2219 1991 2325 sangoinis

505 2449 512 2459 .
716 2350 877 2461 capacia
924 2344 999 2435 ere
1037 2346 1221 2497 soleant3
1265 2344 1413 2447 netelle
1456 2346 1550 2452 eli,
1595 2363 1644 2432 ut
1693 2348 1896 2461 pauciores
1948 2350 1993 2433 in

522 2549 530 2563 .
719 2473 870 2586 leone,
899 2480 1038 2588 quam
1063 2476 1104 2561 in
1135 2472 1314 2589 bomine
1347 2492 1390 2560 er
1422 2474 1466 2559 in
1471 2473 1586 2561 aliis
1614 2478 1890 2595 animalibus,
1931 2501 1992 2563 ra·
2083 2540 2084 2543 Δ

719 2632 892 2694 morum
926 2576 1146 2699 diuisionea
1181 2580 1378 2710 arentur,
1424 2624 1471 2743 et
1501 2606 1619 2695 citius
1651 2608 1789 2771 iraque
1817 2632 1844 2693 a
1872 2610 1994 2697 corde
2083 2632 2084 2697 Δ

697 2737 767 2895 ΔΔ
800 2734 951 2871 ultima
984 2738 1072 2820 uasa
1115 2733 1404 2843 perueniatur.
2083 2724 2084 2763 l

514 2878 748 2967 celeritas
806 2858 919 2951 ni
952 2869 1042 2950 ira
1052 2864 1199 2971 igitur
1207 2864 1380 2950 arteriae
1411 2860 1454 2945 in
1487 2858 1607 2951 leone
1638 2865 1749 2951 inter
1789 2864 1827 2951 se
1856 2882 1896 2953 et
1949 2868 2003 2955 ΔΔ

388 3076 393 3082 .
509 3012 622 3067 motus
631 2990 706 3067 ran
718 2964 970 3080 ΔΔΔΔΔΔΔΔΙΔΔ
1003 2994 1093 3079 suos
1125 2996 1162 3077 se
1194 2990 1371 3097 habent,
1404 2992 1550 3077 necelle
1581 2988 1663 3101 est,
1702 3012 1752 3081 vt
1783 2998 2005 3105 celeritas

506 3100 700 3271 futuisse
704 3147 797 3246 qua
831 3120 985 3231 sanguis
1018 3144 1092 3235 per
1123 3124 1290 3206 arterias
1333 3141 1557 3225 mouetur,
1607 3124 1729 3234 longe
1780 3127 1915 3213 maior
1951 3129 2007 3215 fit

506 3224 731 3399 affiatu·
718 3280 762 3337 m
784 3250 911 3339 leone
944 3278 1067 3362 quam
1099 3254 1142 3336 in
1160 3248 1333 3336 homine
1367 3271 1410 3336 et
1428 3252 1470 3335 in
1486 3251 1578 3337 aliis
1595 3254 1845 3348 animalibus
1877 3258 2009 3349 Nam

481 3377 700 3475 ''eumcele
720 3375 771 3465 su
781 3382 828 3466 ad
856 3380 986 3465 solam
1021 3381 1390 3466 circumferentiam
1424 3384 1647 3471 uentriculi
1682 3383 1828 3473 smillri
1868 3392 2012 3499 respi-

509 3506 619 3579 riute.
632 3505 697 3599 qua·
717 3504 797 3593 cius
828 3515 946 3595 cuius
977 3513 1245 3621 proportione
1253 3510 1600 3598 circumferentia
1650 3516 1811 3626 primae
1859 3539 2017 3606 aortae

509 3604 759 3779 fflffizfflin
793 3637 909 3758 leone
938 3639 1110 3726 dimidio
1140 3640 1221 3725 fere
1250 3661 1373 3750 quam
1408 3640 1450 3724 in
1502 3638 1673 3728 homine
1722 3646 1861 3733 minor
1921 3652 2019 3757 eli3

508 3824 677 3883 mouetur
689 3764 864 3851 lumen
900 3772 1056 3879 primae
1087 3788 1222 3861 sonae
1257 3769 1523 3915 proportione
1557 3772 1728 3858 luminis
1774 3766 2026 3867 uentriculi

693 3898 1023 4009 quadruplum
1053 3898 1169 3984 leone
1220 3899 1358 3982 minus
1407 3902 1485 3984 erit
1538 3926 1663 4013 quam
1710 3903 1753 3986 in
1808 3904 2028 4000 homine

688 4020 1016 4160 'Consequenter
1046 4027 1197 4114 eadem
1224 4029 1441 4137 sanguinis,
1474 4034 1600 4140 ciuem
1634 4037 1891 4125 uentriculus
1914 4070 2034 4128 con-

717 4161 864 4259 tinet,
897 4158 1071 4284 portio,
1121 4179 1220 4263 quae
1254 4178 1404 4241 certam
1435 4178 1573 4247 aortae
1617 4174 1781 4270 partem
1807 4192 2043 4287 occupat

719 4282 762 4372 in
798 4275 1015 4421 bomine,
1045 4288 1221 4394 quatuor
1253 4288 1452 4374 eiusmodl
1504 4310 1636 4400 partes
1684 4300 1916 4408 occupabit
1987 4306 2043 4391 in

718 4409 873 4564 leone,'
902 4415 1080 4547 adeoque
1115 4439 1186 4561 per
1215 4418 1386 4607 spatium
1420 4420 1647 4533 quadruplo
1686 4418 1852 4613 longius
1927 4460 2048 4523 mo

1851 4718 2058 4786 moue·
