4225 5634
404 446 847 549 vnnrrrrnnun
880 371 1269 547 raucarum·
1398 452 1461 566 a,

188 680 444 833 pnriffimnm
475 691 541 774 vir
567 684 711 771 lruiur
759 681 944 775 methodi
993 687 1239 776 cernitur.
1286 680 1460 833 Quando

187 818 290 901 enim
355 818 532 926 quacllio
576 819 687 902 circa
735 824 921 903 maxima
968 815 1040 905 rel
1075 819 1251 905 minima
1279 838 1377 926 quae
1412 814 1458 899 iu

187 944 465 1057 superficiebus
510 969 724 1033 occurrere
769 944 966 1058 poliunt,
1008 944 1226 1053 versatur,
1276 940 1457 1043 lurmula

182 1075 282 1179 illa
327 1100 430 1187 quae
464 1079 699 1161 maximum
732 1072 799 1159 rel
831 1079 1059 1163 minimum
1091 1078 1204 1163 reddi
1235 1074 1352 1159 debet
1383 1100 1458 1173 ue

178 1208 327 1290 celiam
358 1206 414 1291 est
449 1206 637 1292 formula
668 1203 889 1311 integralis.
914 1227 1037 1317 atque
1066 1207 1170 1321 adeo¹
1194 1166 1402 1291 formula
1391 1228 1458 1298 tn:-

62 1399 63 1402 ι
180 1330 614 1446 ecgraliaduplicata,
660 1338 784 1421 cuius
817 1337 1003 1423 indolem
1035 1330 1102 1419 hic
1134 1334 1271 1446 paucis
1311 1331 1459 1442 expli·

62 1527 63 1578 p
175 1469 258 1551 cari
285 1468 492 1573 conuenit.
536 1464 940 1579 ,Quemadmodum
973 1464 1160 1547 enimin
1202 1464 1459 1577 praecedente
1563 1566 1569 1585 ι

62 1590 63 1608 ¹
176 1610 317 1707 parte,
370 1591 578 1680 formulae
621 1592 843 1702 integrales
877 1591 1082 1702 simplices
1114 1593 1207 1677 sunt
1236 1590 1460 1679 considera·

178 1746 261 1831 tae,
299 1746 400 1835 quae
432 1725 480 1806 ad
512 1710 649 1811 datam
682 1717 892 1809 abscidam
912 1747 944 1807 x
972 1723 1067 1806 sunt
1099 1719 1263 1827 relatae,
1295 1723 1351 1805 ita
1383 1718 1456 1807 hic

177 1858 217 1939 in
268 1851 578 1962 superficiebus
621 1855 871 1963 quaestiones
917 1852 1075 1961 semper
1128 1869 1228 1933 non
1246 1848 1295 1933 ad
1327 1842 1456 1933 solani¹

170 1982 370 2069 abscidam
402 2006 457 2087 a,
489 1982 549 2066 sed
574 1980 627 2067 ad
660 1989 795 2066 totum
829 1981 1033 2091 quoddam
1060 1978 1292 2097 spatium
1279 2002 1322 2069 ro
1369 1975 1457 2089 pla

172 2137 230 2197 no
262 2109 511 2195 horizontali
543 2132 737 2221 tanquam
782 2111 915 2212 basem
964 2112 1059 2193 sunt
1111 2106 1338 2191 referendae
1386 2102 1457 2193 cui

62 2283 63 2368 3
169 2242 317 2352 porcio
343 2236 575 2347 superficiei
606 2262 709 2348 qnae
726 2239 902 2322 maximi
921 2236 1146 2323 minimiue
1163 2237 1337 2349 quadam
1358 2262 1457 2347 pro·

168 2372 353 2479 prietate
382 2368 554 2470 gaudere
585 2366 717 2470 debet,
747 2367 979 2449 immineat.
1024 2366 1169 2477 Quare
1200 2388 1330 2474 qnum
1345 2364 1456 2451 talis

171 2490 282 2579 basra
298 2492 509 2600 duplicem
543 2488 686 2575 habeat
716 2488 1010 2576 dimenfionem
1040 2492 1211 2607 alteram
1244 2493 1291 2576 ab
1318 2517 1363 2600 x,
1390 2492 1458 2614 al·-¹

62 2633 63 2664 ³
165 2640 306 2709 teram
325 2644 428 2705 vero
455 2620 505 2702 ab
521 2644 558 2719 y
591 2622 848 2727 pendentem,
883 2594 1121 2703 huiusmodi
1152 2622 1398 2704 formulae
1383 2649 1452 2709 rn-

162 2752 340 2855 tegraler
374 2768 496 2831 erunt
526 2746 786 2857 duplicatae,
816 2745 897 2835 hoc
935 2750 1059 2832 modo
1088 2746 1274 2859 exprimi
1303 2748 1449 2839 solitae

155 2877 268 2994 Jsv
286 2877 459 2981 dada,
492 2898 559 2960 eae
590 2876 744 2963 scilicet
774 2874 982 2989 duplicem
1016 2876 1333 2987 integrationem
1366 2872 1460 2991 po?

166 3004 352 3111 dolant,
380 3025 501 3115 atque
534 2996 577 3088 in
611 3006 751 3116 priore
782 3006 864 3092 sola
896 3004 1131 3093 coordinata
1163 3031 1194 3092 x
1216 3006 1296 3093 uel
1316 2993 1446 3117 solae

164 3163 246 3248 pro
276 3135 468 3221 variabili
498 3132 701 3244 habetur,
731 3156 774 3219 et
804 3136 1029 3245 integratio
1056 3160 1183 3249 reque
1216 3139 1264 3220 ad
1299 3135 1446 3249 nermi-

166 3291 238 3350 nne
270 3265 372 3349 bafia
405 3264 632 3377 propnsttae
663 3195 931 3374 ε1ιιειιόίιιιι,
975 3284 1100 3349 tum
1123 3288 1224 3375 uero
1270 3242 1463 3353 demum

167 3399 290 3479 ctiam
325 3393 453 3480 altera
485 3393 690 3480 variabilis
719 3391 939 3482 allumitur
981 3414 1104 3502 atque
1142 3390 1295 3500 ‚altera
1327 3396 1446 3481 inre-

164 3526 303 3631 gratio
330 3524 565 3609 absoluitut.
627 3521 686 3608 Et
719 3527 912 3633 quoniam
948 3526 1112 3634 perinde
1140 3524 1198 3610 est
1222 3540 1309 3607 vtra
1329 3530 1462 3637 prius*

164 3679 239 3762 pro
271 3652 461 3740 variabili
496 3649 722 3757 labatur,
770 3653 852 3737 fine
883 3656 1126 3767 discrimine
1144 3655 1355 3761 geminam
1386 3654 1445 3737 il·

167 3781 246 3865 lam
279 3782 604 3889 integrationem
638 3782 754 3890 signo
782 3780 991 3893 duplicato
1011 3780 1076 3898 ss
1096 3783 1340 3890 indicamus3
1372 3809 1444 3871 ne*-

165 3935 241 4022 que
271 3936 383 3997 vero
415 3914 481 3998 lric
514 3909 594 3997 loci
628 3914 713 4022 eil,
759 3915 901 4000 omnia
933 3936 1037 4021 quae
1068 3914 1172 3997 circa
1204 3910 1442 4001 huiusmodi

167 4038 456 4151 integrationes
482 4037 709 4152 duplicatas
738 4046 830 4129 sunt
857 4044 1132 4150 obseruanda,
1165 4038 1291 4124 lulius
1314 4068 1443 4153 expo·

165 4192 293 4275 nere,
342 4172 493 4281 quippe
540 4170 649 4279 quod
696 4192 991 4280 argumentum
1042 4172 1087 4256 in
1136 4170 1277 4253 l'omo
1317 4170 1442 4258 XlV.

166 4294 322 4385 horum
373 4296 786 4386 Commentariorum
856 4303 942 4387 iam
1008 4301 1102 4387 satie
1150 4319 1337 4389 accurate
1386 4300 1442 4387 est

167 4426 468 4539 pertenentem.

226 4512 787 4698 'fomliVLNouComm
999 4551 1044 4648 G
1365 4570 1441 4676 252
