4225 5634
678 482 778 602 ιη.
1005 474 1089 577 nn
1143 474 1346 577 conon
1392 471 1626 572 annus.

679 723 750 806 ubi
799 740 904 804 rena
956 717 1204 830 pulmonalis
1258 713 1347 825 (fig.
1385 740 1422 799 r.
1461 707 1518 825 a.)
1568 702 1796 823 pericardio
1842 710 1969 818 exit,

678 875 751 943 cor
784 854 849 934 sua
882 847 958 932 basi
994 838 1264 957 inciperet'et
1298 843 1712 956 quantumlongum
1747 842 1831 946 cll,
1866 841 1970 950 (fig.

685 1006 710 1059 2
758 1006 792 1068 c.
816 973 884 1090 nb.)
915 980 1100 1063 deorsum
1140 984 1175 1065 se
1205 984 1443 1063 extenderet
1492 976 1553 1059 in·
1584 994 1700 1085 parre
1754 973 1971 1083 pericardii

682 1109 933 1220 posteriorie
966 1112 1072 1200 unde
1107 1106 1218 1195 locus
1251 1110 1384 1193 cordis
1417 1110 1477 1205 in,
1497 1102 1727 1215 pericarcsro
1760 1127 1813 1185 ex
1845 1130 1965 1189 com·

684 1238 895 1348 paratione
949 1238 1177 1346 figurarum
1235 1264 1254 1319 1
1296 1256 1398 1322 eta
1443 1233 1560 1319 facile
1594 1232 1771 1340 intelligi
1809 1234 1976 1342 poterit.

684 1366 967 1457 Situsaurem
999 1372 1131 1455 cordis
1163 1374 1288 1453 ln'eo
1334 1364 1542 1474 penctrdii
1570 1362 1689 1448 ‚loco
1742 1362 1837 1446 talis
1886 1364 1976 1471 eil,

535 1556 542 1567 ·
684 1498 856 1610 qualis
848 1526 889 1583 ιιι
920 1498 1162 1581 animalibus
1192 1495 1267 1585 effe
1300 1494 1409 1579 solet.
1507 1489 1596 1580 Bali
1630 1516 1793 1601 nempe
1813 1494 1974 1576 sursum

667 1648 727 1713 et
758 1632 875 1737 apice
906 1626 1011 1711 resta
1042 1628 1231 1713 deorsum
1278 1621 1457 1733 respicit.
1542 1618 1816 1754 superficies,
1867 1647 1973 1731 quae

688 1756 730 1840 in
765 1754 936 1839 bmnine
969 1753 1152 1902 superior
1183 1757 1273 1861 eil,
1320 1754 1500 1838 anterior
1514 1748 1596 1835 ob
1645 1748 1756 1833 hunc
1802 1733 1973 1855 situm,

653 1905 732 1970 -et
765 1877 865 1995 quae
901 1876 1111 1972 inferior
1101 1912 1142 1969 rn
1178 1884 1380 1985 homine,
1405 1880 1654 1995 posterior
1643 1908 1684 1965 ιιι
1720 1881 1870 1990 leone,
1925 1900 1976 1968 ut

562 2054 569 2063 =
605 2052 609 2060 .
690 2008 734 2100 lu
767 2014 944 2125 reliquis
967 1995 1230 2107 animalibus
1247 2004 1603 2121 quadrupedibus,
1633 2012 1783 2095 euadit

475 2133 614 2248 Figura

486 2254 638 2432 eorrlis.X

836 2143 915 2232 Sed
950 2140 1105 2251 figurae
1137 2140 1320 2255 respectu
1354 2140 1585 2225 corleonis
1619 2160 1702 2224 tam
1740 2141 1786 2225 ab
1818 2136 1977 2224 huma·

690 2297 748 2356 no
777 2278 903 2380 quam
938 2274 986 2359 ab
1016 2274 1196 2359 aliorum
1230 2268 1470 2355 animalium
1505 2271 1693 2358 cordibus
1721 2262 1867 2355 differt.
1915 2268 1979 2353 Et

486 2356 631 2557 {3ka
608 2360 787 2493 XIfhaec
819 2400 986 2508 figura,
1027 2422 1122 2487 non
1156 2402 1316 2505 modo,
1367 2402 1475 2515 quod
1510 2385 1726 2509 singularis
1770 2400 1857 2503 cll,
1912 2399 1975 2483 scd

693 2533 787 2617 ideo
820 2533 1001 2618 maxime
1034 2535 1166 2617 notari
1203 2520 1412 2634 meretur,
1447 2532 1540 2641 quia
1574 2528 1623 2615 ab
1657 2531 1842 2617 interiori
1878 2530 1976 2614 slru·

569 2687 578 2699 ’
692 2660 808 2745 &tura
841 2660 972 2742 cordis
1003 2664 1184 2768 pendet,
1234 2685 1333 2770 quae
1366 2658 1554 2746 itidem
1544 2685 1586 2741 ιιι
1631 2660 1748 2744 leone
1798 2683 1819 2742 a
1874 2654 1975 2744 reli·

693 2787 785 2897 quis
820 2785 1061 2871 animalibus
1093 2790 1262 2893 differt,
1308 2808 1350 2871 et
1383 2792 1427 2873 in
1460 2791 1745 2874 oeconomiam
1805 2778 1975 2873 vitalem

694 2899 901 3035 influxum
937 2916 1007 3003 sibi
1056 2921 1247 3005 vindicat.
1347 2918 1422 3003 Vti
1474 2918 1517 3001 in
1571 2914 1742 3003 homine
1796 2918 1978 3027 superior

694 3049 839 3189 ¹perdis
861 3045 1004 3151 facies,
1053 3048 1109 3133 ita
1141 3048 1183 3133 in
1237 3047 1481 3134 animalibus
1530 3028 1710 3133 anterior
1761 3048 1980 3150 eiusdem,

694 3201 799 3294 quae
830 3172 897 3261 illi
907 3174 1174 3292 respondet,
1204 3180 1360 3295 semper
1394 3175 1561 3264 notabili
1591 3172 1845 3263 connexitate
1872 3200 1981 3283 gau·

694 3309 777 3393 det.
827 3302 889 3387 'ln
923 3303 1092 3393 homine
1124 3309 1286 3415 quidem
1327 3306 1424 3393 haec
1455 3310 1574 3394 acies
1610 3310 1789 3393 maxime
1817 3309 1982 3419 promi·

695 3434 766 3517 net
799 3434 934 3514 uersus
965 3432 1105 3538 basin,
1155 3436 1200 3518 in
1229 3459 1279 3519 eo
1309 3431 1429 3539 loco,
1469 3437 1537 3521 ubi
1572 3441 1718 3521 arteria
1753 3436 1982 3543 pulmona-

696 3560 750 3649 lis
782 3564 999 3667 exoritur,
1046 3584 1088 3647 et
1123 3564 1167 3648 in
1204 3566 1334 3650 media
1368 3569 1427 3652 sui
1481 3586 1602 3677 parte.
1662 3548 1788 3651 'lnde
1840 3568 1987 3651 uersus

512 3746 518 3753 .
557 3720 562 3736 ι
625 3721 638 3778 ·,
669 3690 902 3777 anteriora
934 3692 1153 3796 maxime,
1207 3692 1500 3805 paulominus
1550 3696 1684 3779 versus
1729 3695 1987 3805 posteriora,

694 3818 864 3905 decliuis
898 3820 939 3904 in
976 3826 1179 3928 margines
1212 3825 1324 3925 abit,
1375 3850 1561 3933 quorum·
1587 3826 1767 3909 anterior
1814 3828 1990 3910 acutior

698 3950 972 4058 tenuiorque,
1025 3953 1219 4062 posterior
1252 3951 1432 4037 obtusior
1464 3976 1506 4043 et
1557 3954 1704 4037 crassus
1756 3952 1824 4037 est.
1936 3954 1992 4041 ln

696 4078 954 4165 animalibus·
973 4105 1017 4165 ea
1053 4084 1234 4165 maxime
1264 4082 1488 4168 differentia
1522 4082 1609 4188 ell,
1657 4100 1705 4169 ut
1735 4078 1888 4167 nullibi
1923 4109 1997 4195 pe·

695 4206 910 4304 cnliaciter
941 4206 1039 4291 haec
1074 4211 1186 4293 iacies
1219 4212 1483 4319 promineat,
1530 4213 1591 4293 sed
1643 4208 1801 4324 aequali
1853 4218 2001 4301 modo

697 4360 883 4422 connexa
934 4336 1013 4443 stt,
1063 4364 1193 4448 neque
1247 4344 1466 4446 ntargin'es
1486 4342 1652 4453 proprie
1684 4343 1890 4455 producat
1932 4348 2001 4433 sed

694 4486 772 4555 eur
805 4469 944 4579 potius
978 4486 1080 4553 teres
1110 4470 1174 4557 seu
1208 4473 1455 4638 conoidcum
1484 4470 1666 4576 efficiat,
1713 4496 1765 4559 eo
1818 4476 2004 4579 magis,

1868 4628 2004 4688 ·ειιιιι
