4225 5634
584 665 612 674 ..
704 564 796 645 ιιι
928 481 1745 638 nnvtnnairoutnva

860 779 913 869 D.
948 777 992 865 Si
1024 778 1237 885 longitudo
1266 757 1331 862 oe
1362 775 1568 860 diuidatur
1616 775 1660 857 in
1713 749 1972 882 quotcunque

708 927 842 1024 partes
873 909 1050 1019 aequales
1084 933 1128 1011 ιι,
1158 910 1404 990 murationes
1436 904 1696 1010 harmonicae
1736 899 1828 983 fieri
1879 923 1973 1008 pos·

607 1078 614 1088 ·
707 1041 800 1126 sunt
824 1039 954 1123 ‘fimul
985 1040 1101 1144 super
1132 1041 1272 1142 queuis
1303 1057 1450 1145 parte3
1496 1034 1616 1118 'indiis
1640 1033 1809 1118 alternis
1853 1025 1974 1114 chor»

668 1225 671 1232 ,
707 1171 782 1254 dae
815 1172 855 1251 in
888 1189 1018 1277 partes
1049 1183 1265 1248 contrari-as
1289 1215 1293 1223 ι
1314 1161 1664 1248 internetionibus
1709 1159 1843 1245 ueluti
1892 1155 1973 1238 ser-

694 1299 894 1408 pentinis
919 1313 1062 1402 ,atque
1105 1313 1204 1376 tunc
1242 1295 1326 1374 erit
1376 1290 1692 1399 tempuicuium
1718 1285 1973 1393 bagulatum

709 1425 1075 1508 ιιοιοιίοοιιιιι
1023 1451 1075 1464 ”
1108 1413 1119 1463 ’
1096 1416 1274 1545 -VA
1308 1421 1416 1506 Hinc
1446 1420 1639 1504 oriuntur
1667 1416 1752 1502 soni
1802 1409 1974 1499 acceiso·

601 1579 604 1582 ’
695 1567 762 1652 ιιι
783 1571 895 1681 ,qui
932 1567 1123 1664 dicuntur
1153 1566 1402 1688 harmonici
1392 1590 1434 1647 ιιι
1466 1562 1736 1676 ptog'reffione
1786 1586 1976 1649 numero·

710 1699 806 1781 rtim
844 1677 1089 1778 naturalium
1124 1699 1223 1778 dum
1259 1721 1334 1802 pro
1368 1695 1522 1797 integra
1556 1690 1811 1818 longitudine
1857 1691 1975 1778 chor·

705 1826 781 1908 dee
813 1825 1012 1908 formatur
1047 1819 1499 1933 fontemmortuum
1529 1821 1623 1926 qui
1619 1821 1781 1904 rnitati
1816 1795 1979 1929 respon·

710 1945 822 2044 det.
871 1947 970 2033 lmo
1018 1973 1159 2033 omnes
1197 1971 1237 2034 et
1270 1947 1443 2054 {iugulas
1474 1946 1621 2030 diuerii
1655 1948 1813 2054 generis
1847 1948 1978 2033 vibra-

713 2081 845 2162 tiones
875 2076 995 2160 fimul
1028 2079 1287 2162 coexistere
1276 2104 1318 2160 ιο
1351 2101 1428 2159 rna
1458 2076 1679 2184 eademque
1708 2072 1856 2160 chorda
1891 2079 1977 2184 pos'·

712 2208 796 2310 se,
825 2205 1151 2289 demonstraui
1139 2233 1183 2292 ιιι
1216 2204 1538 2336 Commentariis
1556 2205 1824 2347 Academicis
1854 2201 1976 2295 Brro·
2081 2218 2082 2227 '

697 2326 998 2432 'dinenstbua
1686 2368 1692 2378 ·

698 2612 703 2624 ,
864 2507 1094 2604 Caeterum.
1116 2441 1361 2626 designabo,
1410 2502 1488 2633 pro
1518 2458 1811 2635 vibrationibus
1842 2521 1979 2610 funda·
2075 2606 2083 2657 (

713 2646 993 2756 mentalibus,
1023 2669 1194 2733 curnam
1225 2647 1331 2736 adr
1360 2654 1526 2737 nomine
1558 2674 1708 2760 curuae
1740 2649 1974 2759 vibratnriae
2080 2736 2083 2745 .

706 2774 948 2888 primitiare.
1013 2843 1018 2896 3

847 2961 886 3080 5
924 2983 963 3062 3
1000 2956 1228 3047 Νοιιιιιι
1215 2984 1299 3048 ιιιιι
1326 2969 1439 3077 quod
1473 2966 1502 3051 fi
1537 2989 1628 3079 pars
1658 2883 1831 3074 chordae
1862 2991 1980 3078 qnae
2081 3056 2082 3063 r

716 3085 784 3174 uis
815 3114 840 3172 α
855 3112 884 3196 g
917 3089 962 3172 ab
988 3085 1182 3198 chorda
1170 3111 1324 3198 mtegra
1356 3124 1420 3183 or
1459 3102 1661 3210 resecetur
1686 3098 1981 3245 ponderaque

711 3237 1005 3324 geonnexum
1039 3221 1288 3330 supponatur
1327 3249 1423 3309 cum
1467 3205 1542 3310 filo
1588 3226 1724 3310 omnis
1770 3225 1983 3330 grauitatis

715 3361 918 3487 experte,
969 3346 1086 3427 cuius
1133 3345 1348 3454 longitudo
1365 3352 1437 3464 sg
1468 3354 1590 3440 fuerit
1621 3353 1799 3460 aequalis
1826 3354 1997 3438 subtan-

715 3463 838 3575 genti
864 3495 939 3578 pro
971 3471 1123 3583 pundo
1155 3500 1199 3578 r,
1238 3477 1349 3563 nulla
1401 3479 1522 3591 plane
1571 3480 1662 3564 inde
1713 3480 1815 3568 oriri
1865 3481 1985 3590 pdffit

702 3598 895 3721 ¹mutatio
929 3623 1002 3684 nec
1035 3604 1077 3687 in
1114 3624 1376 3712 curuaturam
1407 3609 1477 3693 ed
1489 3636 1511 3693 c
1545 3583 1692 3693 necin
1739 3611 1989 3696 vibrationes

714 3721 895 3810 choffirdae
920 3727 1098 3812 refiduae
1126 3756 1216 3840 gc,
1215 3735 1324 3821 fiio
1341 3735 1412 3845 fg
1443 3741 1557 3822 omni
1590 3741 1793 3843 grauitate
1823 3737 1990 3848 experti

709 3876 947 3959 connexae,
970 3855 1113 3962 ‘figura
1149 3861 1310 3947 secunda
1342 3861 1444 3945 hanc
1474 3865 1676 3971 integram
1712 3862 1991 3953 mutationem

713 3988 983 4088 repraesentat
1001 4011 1074 4069 nec
1106 3985 1238 4072 differt
1269 4016 1290 4073 a
1322 3987 1456 4097 figura
1489 3996 1638 4103 prima,
1670 3995 1746 4080 nist
1776 3997 1884 4106 quod
1917 4019 1997 4076 ar·

714 4127 787 4190 cus
816 4133 964 4194 curuae
997 4135 1063 4195 ae
1095 4117 1255 4222 puneiis
1285 4114 1335 4201 fit
1367 4136 1528 4202 notatus
1566 4142 1614 4203 vt
1647 4121 1739 4207 inde
1796 4140 2000 4233 appareat

712 4239 823 4347 quod
856 4233 975 4321 nulio
1009 4234 1146 4326 modo
1173 4247 1221 4328 nd
1272 4243 1437 4350 systema
1484 4249 1739 4360 propnsrtum
1762 4246 1998 4362 'pertineat

709 4383 835 4473 atque
866 4365 1096 4480 unicepro
1127 4369 1409 4479 supplemento
1441 4375 1557 4460 ideali
1608 4401 1755 4463 carnae
1803 4377 2006 4462 vibrato·

712 4495 796 4582 riae
826 4509 1026 4582 truncatae
1055 4499 1269 4585 sumendus
1300 4499 1380 4587 fit:
1430 4501 1485 4588 fic
1537 4505 1580 4588 in
1626 4524 1801 4620 utraque
1850 4503 2007 4610 figura

1833 4657 2011 4720 ciima-
