4225 5634
469 480 556 579 oo
602 459 802 583 conon
848 471 1080 581 roomo.
1319 480 1415 599 '47³

142 742 224 809 nnn
268 716 363 826 eil,
410 716 610 833 iiqoidem
656 746 732 810 cur
778 748 863 809 non
909 724 1038 809 modo
1082 717 1126 806 in
1160 716 1227 807 sm
1257 718 1416 807 adrium

24 889 25 916 ÷
140 856 237 938 adeo
268 850 516 963 impeditum
547 851 780 957 indoluit,
812 875 861 939 at
892 851 1060 936 dilatari
1092 876 1174 935 oon
1209 854 1416 962 potuerit,

138 981 200 1068 sed
234 983 324 1066 vait
356 1005 517 1096 quoque
548 1003 591 1069 et
621 1002 695 1065 cor
728 984 862 1093 ipsum
893 983 1084 1089 sanguine
1114 984 1232 1067 oanni
1275 984 1416 1096 priua·

137 1128 211 1216 ta,
240 1111 406 1197 cerebro
435 1109 544 1199 nihil
578 1112 828 1223 suppeditare
862 1129 1118 1223 potuerunt,
1167 1122 1274 1197 vnde
1300 1109 1416 1197 debi-

136 1239 301 1329 litatem
336 1242 507 1355 primo‚
549 1240 793 1353 tandemque
825 1234 1125 1358 lipothymiam
1158 1260 1417 1352 perpetuam,

137 1367 238 1476 rel,
289 1368 322 1456 li
372 1370 536 1475 mauis,
585 1367 823 1485 apoplexiae
872 1370 1080 1485 speciem,
1125 1368 1228 1459 oriri
1266 1368 1417 1459 necefft
1564 1398 1569 1407 ·

136 1501 229 1590 suit.

289 1688 597 1801 Peticardium,
631 1720 709 1810 pro
742 1692 821 1783 fitn
855 1692 1014 1795 cordis,
1063 1692 1187 1782 aliter
1217 1712 1336 1807 utque
1370 1693 1412 1778 in
1427 1696 1581 1774 mnor·
1679 1754 1684 1761 .

23 1809 24 1872 ;
137 1821 340 1927 homine,
372 1823 538 1935 figura,
567 1850 652 1911 ouo
680 1826 907 1932 gallinaceo
941 1821 1099 1925 fimili,
1128 1828 1303 1932 gaudet,
1339 1844 1410 1907 cu·
1428 1800 1604 1975 dffiff‘n

137 1954 203 2040 ius
236 1974 387 2042 vertex
420 1958 623 2059 inferior,
669 1956 810 2039 versus
847 1946 1117 2063 diaphragma
1165 1905 1563 2094 respiciens,ffi;·'‚·

135 2084 328 2186 acutior,
366 2084 550 2196 superior
582 2085 712 2189 magis
740 2085 904 2168 obtusus
934 2082 1005 2161 eii.
1083 2088 1128 2168 ln
1163 2084 1315 2167 vertice
1348 2080 1629 2187 inmunda

131 2214 276 2298 seriori
310 2210 583 2323 pericatdium
615 2207 916 2318 diaphragmati
949 2230 1034 2289 non
1084 2203 1301 2315 adimeret,
1352 2210 1415 2295 sed

131 2331 296 2427 mobile
343 2341 434 2443 est,
483 2337 806 2447 membranisque
854 2334 992 2437 longis
1035 2325 1096 2443 (g.
1121 2332 1166 2445 g)
1199 2360 1222 2418 a
1257 2336 1415 2424 media·

126 2469 242 2553 llino
270 2466 509 2577 productis,
540 2462 816 2569 tenuilstmis,
864 2460 1079 2573 pellucidis
1107 2482 1150 2546 et
1183 2467 1414 2555 reticulari·
1452 2490 1457 2503 ·

125 2595 239 2695 bus,
287 2616 460 2683 omento
492 2594 727 2701 limiiibus,
770 2600 819 2678 ad
851 2588 1118 2702 diaphragma
1153 2596 1280 2677 modo
1311 2594 1413 2682 adli·

130 2743 267 2832 gutur.
368 2721 439 2807 Ad
478 2726 674 2833 verticem
709 2721 955 2834 superiorem
990 2722 1030 2803 in
1067 2736 1180 2827 parte
1213 2724 1411 2819 anteriori

131 2844 334 2965 procellos
366 2852 554 2938 notabilis
584 2850 669 2965 (e)
699 2877 723 2934 a
757 2849 982 2960 pericardio
1014 2848 1284 2957 producitur,
1326 2875 1413 2967 quo

129 2992 245 3065 aorta
274 2980 442 3090 eiusque
473 2990 579 3071 rami
609 2980 957 3092 complodantur.
1026 2976 1138 3060 Vena
1169 3002 1308 3065 autem
1342 3006 1412 3065 ca·

130 3132 184 3193 va
233 3098 448 3219 superior,
496 3111 662 3196 arteriae
706 3120 912 3220 uenaeque
946 3101 1205 3218 pulmonales
1234 3130 1276 3195 et
1308 3130 1410 3195 caua

131 3236 301 3324 interior
346 3238 509 3323 seorsim
545 3236 722 3347 lingulae
754 3242 956 3349 prodeunt
987 3235 1206 3320 lateraliter
1238 3255 1281 3321 et
1311 3261 1408 3323 ver·

132 3367 196 3452 sus
246 3388 407 3478 partem
466 3370 773 3483 posteriorem,
831 3365 1107 3480 pericardium
1166 3361 1410 3481 simpliciter

130 3496 383 3609 perforando.
573 3498 576 3501 ’

281 3692 332 3779 In
360 3688 438 3777 hoc
470 3689 727 3800 pericardio,
772 3686 815 3773 in
850 3689 981 3774 media
1013 3690 1094 3773 fere
1123 3690 1212 3774 eiua
1261 3691 1510 3807 parte,sitnr
1536 3716 1611 3767 oot-

126 3844 205 3904 cor
255 3822 381 3907 fitum
432 3840 552 3923 erat,
596 3806 732 3923 adeo,
778 3836 826 3903 vt
876 3817 1101 3928 procellam
1134 3816 1244 3927 (Fig.
1287 3846 1320 3910 a.
1353 3799 1480 3925 audii·

22 4027 23 4032 a
125 3954 276 4037 arteria
324 3952 576 4034 innominata
614 4006 630 4052 ,
681 3944 881 4035 subclauia
929 3945 1081 4031 finiiira
1122 3965 1164 4032 et
1226 3952 1407 4063 superior
1420 3896 1510 4099 {gb
1522 3894 1620 4074 ,ἢ

125 4101 248 4163 arcus
279 4098 417 4165 aottae
448 4102 540 4189 pars
572 4076 661 4187 (fig.
700 4083 758 4178 2.)
787 4102 867 4187 qua
905 4078 1042 4159 verius
1089 4075 1254 4162 dorsum
1310 4104 1407 4165 cure

123 4212 220 4294 vari
271 4210 449 4318 incipit,
497 4204 703 4317 aliamque
750 4205 1021 4313 longitudinis
1059 4208 1272 4315 pericardii
1310 4212 1408 4319 par·

122 4352 251 4439 tem,
305 4335 500 4451 procellui
551 4336 661 4421 didio
689 4336 953 4443 aequalem,
993 4332 1135 4421 bulbus
1171 4357 1305 4421 rottae
1336 4338 1407 4421 ad·

118 4465 315 4559 scendcns
347 4462 436 4574 (fig.
471 4490 510 4549 a.
544 4452 608 4581 i.)
640 4486 889 4575 occuparet,
930 4479 973 4544 et
1018 4465 1066 4547 in
1115 4490 1162 4553 ea
1207 4466 1405 4575 regione,

192 4592 451 4685 'lomxvl
462 4588 752 4683 Nou.Cumm.
941 4589 984 4677 0
999 4614 1074 4678 oo
1333 4588 1406 4678 abi
