4225 5634
710 509 799 602 aab
899 485 1387 584 DEMONSTRATIO
1432 485 1793 583 SINGVLARIS

706 726 816 838 quod
850 722 975 810 etiam
1008 749 1061 810 ex
1093 720 1365 830 Theoremate
1395 721 1562 826 nostro,
1595 720 1730 807 statim
1758 711 1979 831 deducitur,

709 857 897 969 ponendo
948 838 1222 961 ψιεφιι
1268 858 1389 968 atque
1438 843 1719 961 diffidit,
1772 848 1976 952 habebitur

710 985 886 1068 enim
973 995 980 1010 ‘

605 1397 614 1414 ·
708 1365 903 1478 aequatio
935 1388 1037 1482 quae
1070 1363 1204 1490 priori
1225 1331 1411 1478 perfecte
1441 1365 1648 1471 congruit

577 1673 582 1683 .
863 1584 963 1687 vn
999 1525 1222 1708 Quamuis
1250 1593 1416 1679 nullum
1466 1591 1630 1702 quidem
1687 1592 1856 1706 superfit
1903 1595 1980 1682 du·

577 1741 585 1751 '
707 1725 903 1832 bium,··
898 1723 1009 1836 quin
1060 1721 1401 1809 demonstratione
1469 1723 1553 1807 iam
1615 1721 1766 1830 allata,
1834 1729 1980 1809 veritat

625 1917 644 1928 ··
710 1853 1001 1942 Theurrmatis
1049 1850 1167 1962 plane
1217 1849 1268 1934 fit
1300 1851 1467 1954 euidta‚
1518 1873 1647 1961 quum
1680 1868 1816 1934 tamen
1849 1854 1982 1938 uideri

711 1983 841 2098 poffet
870 1983 979 2068 ¹hanc
995 1980 1392 2067 demonstrationem
1444 1982 1500 2062 ita
1550 1981 1629 2065 effe
1654 2004 1983 2091 eomparatam,

712 2133 763 2199 ut
817 2115 861 2199 in
909 2135 1000 2196 eam
1051 2111 1128 2194 uix
1182 2111 1399 2220 quisquam
1452 2107 1679 2212 incideret,
1724 2105 1797 2195 nist
1847 2111 1983 2222 ipsum

556 2325 558 2332 ,
679 2239 947 2328 ..Theorema
980 2239 1064 2324 iam
1098 2239 1211 2350 prius
1251 2238 1321 2323 sabi
1369 2235 1530 2320 haberet
1580 2237 1832 2346 cognitum,
1879 2238 1983 2328 haud

586 2365 590 2374 '
633 2371 651 2388 ''
709 2370 859 2456 inutile
909 2367 1040 2476 igitur
1090 2374 1174 2455 etit
1208 2367 1448 2470 ostendere,
1496 2367 1605 2479 quali
1641 2364 1820 2452 adhibito
1860 2373 1983 2456 ratio·

704 2500 852 2606 tinio,
883 2501 932 2584 ad
968 2498 1260 2584 inuenientium
1297 2495 1486 2580 valorem
1518 2495 1737 2583 fundionit
1773 2491 1872 2604 ψιι
1894 2525 1983 2613 per·

708 2628 820 2717 ducti
852 2623 989 2712 fimus
1053 2625 1196 2738 Quum
1230 2623 1386 2712 scilicet
1417 2623 1469 2708 fit

775 2785 1445 2924 uanae-uxum}

710 2977 763 3092 rt
808 2984 906 3095 hinc
954 2983 1191 3093 inueniatur
1239 3006 1358 3092 valor
1397 3006 1521 3121 ipfius
1553 2871 1763 3117 ιιιιι,ΗΜ
1704 3037 1749 3094 m
1778 3035 1832 3098 eo
1860 3010 1990 3097 elabo-

710 3137 887 3222 randum
917 3137 1009 3242 est,
1058 3153 1108 3221 rt
1140 3137 1315 3222 membri
1350 3140 1579 3248 posterioris
1609 3143 1660 3228 ad
1694 3139 1801 3226 hanc
1838 3165 1991 3253 aequa·

711 3267 869 3352 tionem
903 3264 1175 3378 pertinentis,
1212 3263 1363 3375 singuli
1398 3273 1562 3356 termini
1591 3290 1762 3382 ipraeter
1795 3271 1988 3383 primum

708 3393 993 3499 destruantur,
1040 3419 1124 3505 quo
1152 3413 1293 3480 autem
1324 3441 1367 3459 -
1384 3386 1475 3503 Φιι
1493 3390 1554 3504 ψ’
1568 3423 1599 3484 ιι
1626 3402 1884 3507 destruatur,
1915 3423 1995 3512 pa·

711 3539 774 3606 tet
823 3521 1084 3609 necessatium
1131 3525 1244 3631 effe,
1292 3543 1341 3610 vt
1379 3531 1430 3612 ad
1464 3525 1550 3632 abt
1582 3531 1752 3615 addatur
1781 3528 1996 3618 eiusmodi

710 3648 866 3737 sunnio
895 3650 1021 3762 ipsius
1054 3668 1097 3754 ι,
1125 3656 1242 3737 cuius
1273 3679 1347 3766 per
1378 3679 1411 3740 ιι
1438 3656 1640 3766 expreffae
1690 3663 1851 3773 primus
1899 3677 1998 3743 ter·

710 3780 849 3863 minus
879 3779 929 3865 fit
960 3770 1130 3889 -ι-Φιι
1148 3774 1275 3890 awa,
1307 3786 1478 3893 qualia
1467 3787 1600 3893 agitur
1629 3791 1710 3877 erit
1757 3775 1998 3900 Φιψί,

708 3904 788 4006 hoc
819 3929 958 4008 autern
990 3910 1095 3995 fado
1129 3911 1392 3997 habebimus:

774 4047 1583 4199 Ψι-ι-ΦιψίὛΗ-ἫΫ--
1600 4054 2004 4206 Μ-Ψξὲ-ι-οιε.
