4225 5634
363 416 368 424 ’
436 342 858 528 1110οΝ11111
898 424 1124 529 1111118.
1358 466 1419 551 ⁷9

165 655 216 751 rtl
243 659 287 750 in
320 662 494 779 primo,
526 662 595 751 rel
626 669 670 753 in
699 668 899 777 serundo,
927 607 1086 774 tertio,
1119 661 1277 782 quarto,
1294 660 1419 783 quinss'
1468 620 1472 629 ¹

163 812 198 880 tu
242 792 308 881 rel
358 802 474 886 sexto
517 796 675 906 periodi
723 798 904 884 termino
949 797 1139 908 mrumpi
1187 802 1416 887 censemura
1589 850 1596 871 ·

161 920 275 1029 igitur
312 924 359 1009 iu
390 926 517 1013 tribua
547 923 698 1012 cafibua
726 922 778 1012 fit
822 928 982 1014 summa
1030 924 1148 1013 seriei
1197 956 1254 1015 ε
1272 948 1330 1039 o,
1372 930 1416 1013 in

46 1059 52 1150 Ξ
157 1051 298 1137 duobus
330 1052 381 1137 fit
410 1057 575 1141 summa
609 1081 707 1141 :1
742 1075 784 1141 ct
832 1058 874 1139 in
924 1054 1048 1140 unico
1094 1056 1178 1141 casu
1228 1078 1422 1143 z-rt

156 1201 238 1289 ergo
272 1179 389 1267 valor
421 1186 606 1267 summae
638 1182 678 1265 itt
711 1169 905 1287 abstrudit
935 1182 1159 1270 statuendus
1189 1210 1245 1271 z
1260 1190 1292 1279 ξ.

287 1308 332 1399 Si
383 1309 533 1397 -lubeat
585 1312 749 1423 insuper
801 1312 1153 1401 combinationem
1175 1380 1180 1389 .
1205 1310 1418 1397 instituere

153 1438 246 1524 iuter
276 1436 396 1525 seties
426 1431 526 1555 (A),
558 1432 623 1547 (B)
653 1458 698 1525 et
728 1438 815 1550 (C),
847 1440 1137 1565 qualiacunque
1169 1441 1246 1527 illa
1278 1440 1417 1551 fiterit,

148 1590 245 1653 unua
275 1566 367 1653 inde
401 1568 644 1681 proueniena
676 1569 795 1653 series
831 1570 1042 1657 summam
1090 1564 1255 1656 habebit
1298 1593 1416 1683 ptru-

144 1698 246 1805 ripio
275 1696 410 1783 nostro
439 1694 582 1783 exade
620 1696 889 1783 conformem.
973 1700 1021 1785 Id
1072 1699 1245 1808 quidem
1295 1701 1418 1807 prin·
1519 1718 1524 1723 ·

140 1824 291 1937 cipium
324 1826 412 1911 iam
444 1844 537 1911 ante
567 1822 644 1911 hos
689 1826 952 1937 quadraginta
1000 1850 1160 1931 annos,
1209 1846 1311 1909 cum
1364 1824 1411 1913 rb

134 1954 455 2065 contemplandis
488 1954 656 2039 seriebus
687 1954 989 2041 recurrentibus
1020 1975 1091 2037 me
1133 1974 1410 2065 occuparem,

131 2085 445 2193 perspexeram,
475 2108 584 2169 nunc
608 2100 754 2170 autem
788 2087 832 2168 in
860 2084 999 2170 lucem
1048 2103 1206 2194 ponere
1255 2082 1411 2187 volui,

130 2228 177 2293 rt
211 2211 306 2299 iude
338 2210 512 2318 genuina
545 2210 788 2299 huiusmodi
820 2212 1150 2297 summatiouum
1203 2210 1422 2323 interpre··

125 2338 237 2423 tatio
270 2359 464 2449 pateret,
494 2335 581 2420 stne
610 2360 693 2444 qua
721 2336 839 2421 facile
871 2341 997 2423 nubea
1028 2362 1105 2447 pro
1133 2336 1294 2423 Iunone
1340 2362 1409 2423 ac·

118 2460 218 2573 cipi
254 2462 391 2573 puiset.
454 2460 501 2551 Si
531 2462 808 2573 concipiamus
839 2463 1041 2574 pundum
1072 2450 1234 2571 aliquod
1272 2460 1410 2547 finum

114 2590 155 2673 in
200 2586 313 2674 iinea
348 2590 453 2675 recia
486 2608 530 2673 et
564 2588 736 2696 singulas
764 2595 946 2675 summas
995 2586 1198 2701 podibiier
1252 2612 1411 2700 reprae-

113 2718 331 2801 sentemus
357 2742 432 2831 per
478 2716 711 2801 distantiam
763 2718 907 2829 pundi
947 2740 969 2800 a
1018 2716 1199 2827 praefato
1245 2721 1406 2829 pundo

114 2842 208 2928 fixo
225 2906 263 2951 ,f
277 2844 530 2957 principium
561 2844 744 2928 nostrum
785 2844 953 2930 exhibet
995 2844 1221 2929 distantiam
1271 2848 1403 2937 tenni

111 2974 374 3079 grauitatis,
428 2994 529 3084 quae
577 2972 765 3058 omnibus
816 2973 897 3085 iiiia
946 2970 1139 3058 distantiis
1187 2978 1400 3067 conuenit.

107 3100 395 3214 Quotcunque
437 3100 605 3187 interim
640 3100 811 3187 termini
843 3100 915 3187 fibi
948 3100 1130 3187 inuicem
1165 3103 1401 3211 addantur,

106 3230 305 3314 summae
336 3228 461 3315 retica
501 3252 711 3338 nunquam
761 3244 1017 3340 couuetguut
1070 3230 1209 3314 uersus
1259 3233 1398 3319 deter-

103 3358 327 3442 minatum
358 3376 542 3443 centrum
576 3356 790 3463 grauitatis
811 3419 830 3464 ,
861 3358 924 3443 sed
957 3356 1095 3473 potius
1127 3357 1234 3447 circa
1290 3358 1395 3450 illud

98 3506 121 3565 a
161 3484 327 3593 pundo
357 3488 405 3572 ad
434 3484 634 3598 punctum
666 3484 937 3572 transsliuntr
988 3485 1117 3593 igitur
1148 3482 1393 3576 huiuamodi

95 3612 232 3709 serica
268 3611 349 3701 boc
381 3615 546 3701 nomine
577 3608 744 3695 inutiles
773 3612 891 3698 fiunt·
911 3612 961 3697 ad
992 3613 1244 3722 problemata
1279 3612 1394 3727 phy·
1518 3686 1523 3695 .

34 3745 35 3762 ¹
96 3738 457 3831 fico-mechanica
489 3739 885 3855 appropinquatione
919 3737 1137 3848 soluenda,
1166 3742 1244 3827 nifi
1282 3746 1392 3830 sum·

94 3892 182 3955 ma
216 3874 519 3959 uniuscuiusuis
569 3868 725 3978 periodi
773 3870 1060 3979 diminuatur,
1093 3868 1134 3953 id
1165 3869 1273 3977 quod
1304 3896 1391 3959 me-
1517 3968 1521 3979 ,

37 3992 40 4095 't
89 3998 244 4085 diante
277 4005 364 4116 ipsa
398 4002 498 4090 icrie
546 3996 763 4111 primitiua
813 3993 1010 4106 infinita,
1058 3994 1219 4082 etiamn
1268 3996 1389 4085 moun·

39 4110 40 4184 3
86 4146 289 4238 praecarer
319 4155 455 4235 ona,
483 4131 598 4241 saepe
632 4125 723 4213 fieri
756 4126 916 4238 poted,
965 4127 1030 4212 rti
1064 4126 1110 4211 in
1142 4122 1385 4219 antecedam

88 4262 244 4349 monui
283 4263 318 4366 5
353 4278 417 4367 53
448 4255 517 4343 rbi
550 4256 637 4340 dixi
670 4255 778 4365 quod
811 4252 949 4366 poiito-
974 4277 1125 4341 arza
1161 4254 1347 4369 aequatio
1391 4349 1396 4359 ,
1555 4250 1559 4255 ’

28 4452 29 4487 t
191 4386 1221 4543 1-2e÷nuxff·4x³÷5a⁴-etczsffi¹-5,

1189 4541 1383 4661 equidem
