4225 5634
372 491 788 588 ,varrarmvru
824 443 1194 593 maorauou
1361 524 1423 613 4⁵

163 724 240 811 hot
270 746 383 812 reto
414 748 465 809 ex
497 728 728 815 variatione
762 723 938 839 irony
967 728 1195 821 oriundum
1230 728 1318 821 ton

152 1060 318 1150 iudicari
354 1060 466 1146 i'olet.

317 1234 387 1313 18
434 1222 586 1339 Quodsi
639 1226 719 1311 iam
772 1224 873 1314 haec
923 1224 1153 1345 superficies
1200 1222 1440 1335 aequatione

151 1350 263 1433 inter
293 1374 338 1445 x
362 1377 536 1455 yetz
584 1358 809 1467 caprena,
845 1384 942 1443 turn
993 1358 1086 1445 anis
1130 1342 1438 1469 quibuscunque

145 1462 454 1588 inperiiriebus
470 1480 543 1594 ipit
578 1489 783 1591 proximis
811 1496 1039 1598 comparari
1074 1488 1237 1591 debut,
1265 1484 1436 1566 idcom·

154 1610 384 1694 trodissime
418 1612 488 1697 fiet
526 1636 679 1696 nouam
716 1615 952 1700 variabilem
989 1636 1008 1701 ι
1041 1614 1435 1709 introducendo,rta

151 1760 194 1823 rt
231 1738 314 1821 iam
348 1764 376 1823 z
408 1732 612 1853 rpeoanda
645 1738 695 1827 fit
730 1765 775 1830 ιι
803 1740 960 1831 nnetio
992 1745 1125 1829 trium
1158 1734 1433 1840 variabilium,

155 1892 184 1953 a
185 1884 392 1973 ‚‚yett
423 1894 523 1981 quae
553 1872 721 1981 quidem
761 1881 902 1959 sumto
947 1891 1038 1959 t:
1057 1898 1113 1977 0,
1160 1872 1202 1955 in
1254 1860 1436 1951 {undio-

152 2022 250 2081 ntm
289 1999 534 2107 superiorem
566 2002 743 2108 abeant,
775 2022 817 2089 at
847 2005 950 2089 dum
984 1999 1062 2113 ipo
1096 2019 1113 2084 ι
1149 1997 1308 2083 ratores
1341 1985 1437 2076 infi-

150 2131 241 2211 nite
276 2130 392 2232 parui
433 2129 697 2233 tribuuntur
744 2157 888 2217 omnes
943 2127 1176 2242 iuprrfities
1227 2126 1441 2238 proximat

149 2254 497 2362 complodiatur,
538 2282 621 2368 quo
652 2256 785 2367 poiito
816 2259 1074 2369 perspicuum
1106 2260 1196 2362 eii,
1241 2249 1437 2363 qnoniam

149 2382 377 2465 rariabiiet
409 2405 438 2463 x
466 2402 506 2463 et
533 2409 556 2481 y
587 2410 609 2467 a
640 2408 747 2465 noua
781 2402 825 2487 ι,
863 2387 1104 2494 neutiquam
1155 2386 1326 2492 pendent
1372 2400 1440 2461 ea·

153 2532 265 2597 rum
298 2507 569 2593 diffirentialia
602 2510 679 2594 dx
711 2528 751 2592 tt
781 2510 846 2612 dy
895 2511 1013 2594 nulio
1060 2512 1189 2593 modo
1238 2532 1332 2591 cum
1373 2504 1442 2625 dt

150 2639 425 2748 permisceri,
476 2635 551 2721 suia
595 2663 697 2722 uero
728 2639 960 2723 coordinata
991 2662 1021 2721 z
1064 2638 1238 2749 triplicis
1279 2633 1441 2743 generis

150 2773 417 2851 incrementa
448 2789 589 2873 capere
622 2768 787 2877 potest,
836 2787 997 2877 praeter
1045 2766 1138 2851 bina
1186 2791 1298 2850 eorm
1333 2767 1441 2847 iam

149 2916 248 2979 ante
283 2913 640 2997 commemorata,
687 2918 791 3003 quae
822 2894 889 2979 rel
923 2896 971 2977 ab
1000 2917 1031 2979 x
1063 2894 1129 2982 rei
1163 2894 1210 2978 ab
1229 2919 1264 2997 y
1312 2886 1442 3011 profi·

147 3022 394 3126 dicuntur,
438 3028 618 3135 arripere
652 3028 807 3133 poterit
836 3025 1144 3111 incrementum
1176 3046 1200 3105 a
1235 3016 1444 3109 variabili·

148 3172 234 3236 tate
271 3150 400 3265 ipiius
430 3169 448 3234 ι
481 3154 743 3259 oriundum,
794 3154 902 3265 quod
936 3152 1008 3237 tait
1041 3152 1225 3241 formula
1268 3132 1444 3278 dtffi)

144 3300 201 3388 est
233 3300 643 3413 repraesentandum

297 3458 636 3573 animam-us
667 3486 775 3549 nunc
807 3462 856 3555 V
904 3465 983 3552 eise
1032 3459 1324 3579 expressionem
1372 3482 1444 3551 ιι·

148 3614 318 3699 tuoque
349 3615 405 3676 ex
437 3592 532 3706 ipsas
562 3592 807 3689 coordinatis
838 3620 885 3695 x,
902 3621 939 3696 y
984 3612 1028 3678 et
1060 3619 1088 3679 z
1128 3588 1446 3741 ‘compositam

151 3722 233 3807 sure
266 3744 355 3833 per
391 3746 518 3805 meras
547 3726 810 3834 operationes
852 3720 1127 3829 algebrairat,
1178 3722 1264 3805 fine
1315 3722 1443 3805 eriam
1495 3816 1502 3833 x

153 3852 478 3941 tranicendentee
509 3854 699 3972 formata
717 3910 731 3959 ,
761 3872 864 3964 quae
895 3876 1015 3938 more
1046 3849 1166 3939 solito
1198 3850 1446 3941 differentia·

143 4000 180 4065 ta
212 3984 447 4089 praebeat:

235 4083 1068 4263 avztax-raaastuaz,

145 4318 361 4433 atqnefi
420 4320 605 4411 eiusdem
660 4324 968 4416 incrementum
1010 4310 1255 4399 desideretur
1287 4336 1310 4397 a
1342 4328 1449 4396 nona
1539 4416 1543 4421 Ι

152 4452 357 4543 rariabili
394 4450 522 4537 isola
551 4450 771 4559 oriundam
811 4446 988 4659 mlpniiei
979 4436 1065 4525 uni
1101 4412 1185 4555 eii,
1226 4436 1351 4528 ίίιιιιι
1372 4442 1447 4519 de·
1453 4484 1455 4489 ,

911 4593 939 4676 2
1351 4580 1443 4647 uuo
