4225 5634
714 511 804 611 258
922 495 1023 588 DE
1078 472 1757 584 VIBR·ATIONIBVS

710 738 827 828 sonos
861 730 1036 818 musicos
1067 728 1208 819 reserti
1243 753 1325 814 non
1359 727 1515 840 possent
1546 724 1723 815 aralius
1756 721 1858 834 hugi
1891 737 1981 834 pot·

709 869 765 954 est
799 866 943 949 modus
977 862 1139 948 obiecto
1171 859 1305 944 nostro
1338 860 1469 966 magis
1503 863 1859 946 accommodatnsr
1888 878 1983 940 cum

706 1017 860 1105 nempe
893 991 1037 1078 fidibus
1070 990 1183 1099 saepe
1218 1005 1383 1071 urantur
1425 986 1601 1094 muhci,
1650 985 1727 1072 filo
1782 983 1984 1072 metallico

707 1123 990 1212 circumdudo
1019 1119 1250 1220 inuolutis,
1301 1141 1353 1202 eo
1400 1113 1484 1202 fine
1534 1137 1584 1202 rt
1638 1139 1844 1226 quantum
1890 1138 1987 1198 corr·

662 1327 665 1334 .
710 1252 869 1359 uenit,
919 1247 1169 1335 sufficienter
1216 1244 1345 1328 tensae
1390 1245 1536 1354 sonum
1590 1265 1706 1332 tanto
1753 1243 1987 1353 grauiorem

667 1357 671 1366 ⁴
710 1381 862 1466 edant:
891 1378 1034 1488 quidni
1066 1370 1187 1460 liceat
1219 1367 1314 1457 fides
1349 1372 1573 1484 supponere
1608 1398 1685 1486 pro
1738 1392 1850 1485 parte
1898 1390 1990 1455 tan·

632 1517 635 1530 '
708 1529 803 1591 tum
834 1504 909 1592 filo
941 1499 1431 1610 metallicoinuoluras,
1480 1503 1585 1586 nuda
1636 1523 1825 1587 manente
1873 1516 1986 1609 parte

706 1637 891 1743 reliqua:
938 1659 1010 1718 nec
1059 1633 1171 1716 enirn
1206 1627 1277 1712 hic
1309 1633 1428 1715 rideo
1460 1631 1559 1740 qnid
1592 1629 1739 1714 sonum
1772 1631 1988 1715 obtundere

705 1762 853 1872 possrt:
903 1759 1140 1845 huiusmodi
1189 1777 1329 1842 autem
1381 1759 1480 1844 fides
1527 1761 1623 1842 dato
1652 1759 1827 1869 pondere
1857 1757 1987 1842 tensae

708 1889 855 1974 dabunt
885 1891 1030 1999 vtique
1060 1887 1203 1974 sonum
1237 1885 1469 1971 acutiorem
1503 1909 1628 1998 quam
1663 1884 1690 1968 h
1728 1907 1833 1970 totae
1864 1883 1984 1969 essent

708 2019 780 2102 suo
812 2017 888 2102 filo
920 2011 1131 2101 metallico
1177 2015 1507 2101 circumuolutre
1534 2038 1559 2123 ,·
1595 2015 1834 2120 grauiorem
1885 2037 1989 2099 uero

706 2167 831 2248 quam
866 2147 897 2232 fi
931 2165 1015 2229 tota
1049 2144 1118 2226 sua
1149 2137 1405 2246 longitndine
1437 2143 1562 2252 essent
1613 2141 1752 2226 nudae.
1851 2140 1987 2248 Igitur
2080 2178 2081 2241 n

704 2269 814 2362 haud
865 2274 930 2360 abs
960 2297 1007 2359 te
1041 2271 1155 2371 erit,
1183 2273 1228 2352 in
1259 2292 1415 2354 terum
1443 2271 1528 2356 soni
1564 2271 1751 2354 valorem
1783 2273 1985 2384 inquirere

705 2397 908 2510 simulque
942 2394 1112 2510 reliqua
1142 2392 1229 2480 huc
1257 2399 1504 2503 pertinentia
1537 2397 1765 2509 explorare.
1830 2409 1856 2452 s
2078 2382 2082 2477 j

858 2528 890 2626 h.
928 2559 968 2621 a.
1022 2533 1136 2612 Ante
1187 2528 1336 2612 omnia
1384 2529 1433 2612 ad
1484 2526 1665 2638 analyfin
1713 2531 1983 2642 quaestionum
2075 2508 2081 2521 Α

706 2655 941 2742 nostrarum
977 2651 1172 2746 conducit
1211 2651 1368 2738 theoria
1415 2657 1684 2756 communis,
1731 2659 1780 2742 de
1828 2655 1990 2745 chordis
2075 2724 2082 2741 ,

707 2783 957 2868 uibrantibus
991 2804 1076 2874 tota
1111 2784 1178 2865 sua
1209 2777 1467 2890 longitudine
1499 2789 1798 2892 unisormibus,
1847 2785 1984 2897 palium
2076 2771 2082 2781 Ἰ

692 2911 1007 3020 demonstrata,
1036 2913 1154 2997 cuius
1189 2910 1398 3020 praecipua
1433 2911 1684 3003 theoremata
1717 2917 1815 3003 haec
1845 2909 1948 3003 sunt.

506 3048 592 3126 Τὼ
619 3051 681 3126 111.
859 3039 924 3126 Sit
966 3041 1075 3126 abc
1126 3036 1278 3126 chorda
1328 3043 1434 3127 tensa
1488 3064 1573 3130 tota
1623 3045 1699 3138 sua,
1735 3043 1987 3153 longitndine

537 3153 613 3246 Fig.
638 3176 672 3228 ¹·
710 3169 1085 3282 uniformiterque
1118 3173 1227 3255 inter
1258 3159 1504 3256 uibrandnm
1536 3176 1585 3258 ad
1618 3194 1881 3259 momentum
1921 3199 1986 3257 as·

708 3297 871 3383 sumere
908 3317 1084 3407 ponatur
1116 3317 1379 3384 curuaturam
1409 3300 1542 3408 σάος
1571 3303 1684 3386 rader
1716 3303 1860 3414 utiquc
1895 3325 1989 3386 ma·

708 3427 824 3511 xima
857 3427 1093 3534 amplitudo
1126 3425 1197 3513 bd
1228 3430 1272 3513 in
1306 3431 1507 3541 prndium
1542 3428 1716 3518 chordae
1734 3427 1988 3536 medirnb;

706 3551 757 3637 fit
793 3550 1116 3663 semilongitudo
1144 3550 1320 3645 chordae
1349 3557 1414 3642 cb
1433 3587 1485 3641 z
1506 3557 1568 3661 L,
1599 3558 1784 3644 maxima
1829 3557 1988 3670 ampli·

704 3682 805 3765 tudo
840 3679 984 3770 bd:
1002 3711 1050 3788 ας
1086 3683 1221 3767 sumto
1255 3709 1503 3795 quocunque
1531 3688 1613 3772 alio
1644 3689 1799 3797 pundo
1823 3711 1875 3796 g,
1908 3713 1990 3798 po·

650 3841 653 3854 ·
702 3829 821 3894 natur
866 3835 1068 3920 cg:x‚
1128 3813 1296 3922 paruula
1349 3813 1546 3921 applicata
1588 3841 1800 3926 ρετ-Ἤ
1831 3819 1990 3925 pondus

700 3937 895 4026 chordam
951 3939 1113 4025 tendens
1159 3941 1280 4026 :Pi
1331 3942 1517 4022 sumatur
1564 3942 1781 4051 longitudo
1821 3951 1991 4052 quaeuis

704 4060 877 4150 chordae
909 4092 935 4149 a
969 4087 1093 4180 atque
1128 4069 1422 4178 pondusculum
1456 4070 1543 4152 eius
1595 4070 1863 4179 longitudinis
1909 4093 1996 4182 po·-

705 4211 829 4278 natut
866 4202 1014 4302 ,η’
1059 4196 1121 4282 sit
1158 4196 1329 4305 denique
1359 4197 1552 4295 quadra-ns
1585 4202 1728 4286 circuli
1782 4202 1996 4283 unitatem

704 4347 780 4430 pto
811 4322 928 4405 radio
961 4317 1143 4406 habentis
1174 4311 1278 4434 :cp
1344 4329 1419 4410 His
1453 4327 1563 4408 sachis
1594 4329 2004 4413 denominationibus

702 4451 908 4564 sequentes
943 4445 1143 4540 habentur
1177 4456 1338 4542 ralores
1369 4475 1488 4567 atque
1516 4459 1794 4570 expressiones.

1831 4589 1886 4676 Α.
1908 4587 2008 4678 Pro
