<?xml version="1.0" encoding="UTF-8"?>
<!DOCTYPE html PUBLIC "-//W3C//DTD XHTML 1.0 Transitional//EN"
    "http://www.w3.org/TR/xhtml1/DTD/xhtml1-transitional.dtd">
<html xmlns="http://www.w3.org/1999/xhtml" xml:lang="en" lang="en">
 <head>
  <title>
</title>
<meta http-equiv="Content-Type" content="text/html;charset=utf-8" />
  <meta name='ocr-system' content='tesseract 3.04.00' />
  <meta name='ocr-capabilities' content='ocr_page ocr_carea ocr_par ocr_line ocrx_word'/>
</head>
<body>
  <div class='ocr_page' id='page_1' title='image "./novicommentarii15sssrgoog/novicommentarii15sssrgoog_0095.png"; bbox 0 0 4225 5634; ppageno 0'>
   <div class='ocr_carea' id='block_1_1' title="bbox 162 513 1414 890">
    <p class='ocr_par' dir='ltr' id='par_1_1' title="bbox 162 513 1414 890">
     <span class='ocr_line' id='line_1_1' title="bbox 310 513 1414 655; baseline -0.002 -33"><span class='ocrx_word' id='word_1_1' title='bbox 310 514 383 624; x_wconf 72' lang='lat' dir='ltr'>IN</span> <span class='ocrx_word' id='word_1_2' title='bbox 411 522 660 621; x_wconf 77' lang='lat' dir='ltr'>PLquM</span> <span class='ocrx_word' id='word_1_3' title='bbox 677 513 1022 619; x_wconf 64' lang='lat' dir='ltr'>:mummi</span> <span class='ocrx_word' id='word_1_4' title='bbox 1048 521 1240 620; x_wconf 77' lang='lat' dir='ltr'>Llcuu.</span> <span class='ocrx_word' id='word_1_5' title='bbox 1340 553 1414 655; x_wconf 63' lang='grc' dir='ltr'>,η</span> 
     </span>
     <span class='ocr_line' id='line_1_2' title="bbox 162 748 1413 890; baseline -0.005 -29"><span class='ocrx_word' id='word_1_6' title='bbox 162 752 242 861; x_wconf 77' lang='lat' dir='ltr'>&#39;ulto</span> <span class='ocrx_word' id='word_1_7' title='bbox 267 748 482 884; x_wconf 74' lang='lat' dir='ltr'>ttriusqoe</span> <span class='ocrx_word' id='word_1_8' title='bbox 512 763 646 880; x_wconf 81' lang='lat' dir='ltr'>figura</span> <span class='ocrx_word' id='word_1_9' title='bbox 673 787 700 853; x_wconf 87' lang='lat' dir='ltr'>a</span> <span class='ocrx_word' id='word_1_10' title='bbox 728 761 928 880; x_wconf 81' lang='lat' dir='ltr'>sphaerica</span> <span class='ocrx_word' id='word_1_11' title='bbox 955 770 1133 890; x_wconf 80' lang='lat' dir='ltr'>recedit,</span> <span class='ocrx_word' id='word_1_12' title='bbox 1182 770 1256 860; x_wconf 75' lang='lat' dir='ltr'>six</span> <span class='ocrx_word' id='word_1_13' title='bbox 1284 763 1413 883; x_wconf 66' lang='lat' dir='ltr'>quch</span> 
     </span>
    </p>
   </div>
   <div class='ocr_carea' id='block_1_2' title="bbox 152 894 1473 1910">
    <p class='ocr_par' dir='ltr' id='par_1_2' title="bbox 152 894 1473 1910">
     <span class='ocr_line' id='line_1_3' title="bbox 163 894 1460 1014; baseline -0.012 -29"><span class='ocrx_word' id='word_1_14' title='bbox 163 921 265 1012; x_wconf 86' lang='lat' dir='ltr'>quam</span> <span class='ocrx_word' id='word_1_15' title='bbox 298 901 343 985; x_wconf 87' lang='lat' dir='ltr'>io</span> <span class='ocrx_word' id='word_1_16' title='bbox 376 901 488 987; x_wconf 88' lang='lat' dir='ltr'>libris</span> <span class='ocrx_word' id='word_1_17' title='bbox 505 898 624 1010; x_wconf 89' lang='lat' dir='ltr'>,.qui</span> <span class='ocrx_word' id='word_1_18' title='bbox 653 897 702 980; x_wconf 85' lang='lat' dir='ltr'>de</span> <span class='ocrx_word' id='word_1_19' title='bbox 732 894 809 979; x_wconf 88' lang='lat' dir='ltr'>hac</span> <span class='ocrx_word' id='word_1_20' title='bbox 839 921 889 984; x_wconf 86' lang='lat' dir='ltr'>re</span> <span class='ocrx_word' id='word_1_21' title='bbox 915 901 1153 1008; x_wconf 82' lang='lat' dir='ltr'>prodierunt</span> <span class='ocrx_word' id='word_1_22' title='bbox 1183 902 1409 1014; x_wconf 75' lang='lat' dir='ltr'>reperimur</span> <span class='ocrx_word' id='word_1_23' title='bbox 1427 927 1460 984; x_wconf 63' lang='lat' dir='ltr'>,s</span> 
     </span>
     <span class='ocr_line' id='line_1_4' title="bbox 163 1027 1473 1141; baseline 0.001 -29"><span class='ocrx_word' id='word_1_24' title='bbox 163 1033 195 1113; x_wconf 91' lang='lat' dir='ltr'>io</span> <span class='ocrx_word' id='word_1_25' title='bbox 219 1053 296 1140; x_wconf 88' lang='lat' dir='ltr'>quo</span> <span class='ocrx_word' id='word_1_26' title='bbox 325 1028 571 1141; x_wconf 81' lang='lat' dir='ltr'>acquiescere</span> <span class='ocrx_word' id='word_1_27' title='bbox 597 1027 823 1137; x_wconf 71' lang='lat' dir='ltr'>queamus,</span> <span class='ocrx_word' id='word_1_28' title='bbox 871 1030 1128 1136; x_wconf 82' lang='lat' dir='ltr'>quinetiam</span> <span class='ocrx_word' id='word_1_29' title='bbox 1167 1029 1197 1112; x_wconf 87' lang='lat' dir='ltr'>st</span> <span class='ocrx_word' id='word_1_30' title='bbox 1230 1029 1309 1114; x_wconf 91' lang='lat' dir='ltr'>hoc</span> <span class='ocrx_word' id='word_1_31' title='bbox 1342 1055 1411 1124; x_wconf 53' lang='lat' dir='ltr'>ars</span> <span class='ocrx_word' id='word_1_32' title='bbox 1469 1127 1473 1136; x_wconf 18' lang='lat' dir='ltr'><em>q</em></span> 
     </span>
     <span class='ocr_line' id='line_1_5' title="bbox 158 1153 1412 1272; baseline 0.001 -31"><span class='ocrx_word' id='word_1_33' title='bbox 158 1176 384 1266; x_wconf 73' lang='lat' dir='ltr'>gementum</span> <span class='ocrx_word' id='word_1_34' title='bbox 405 1161 460 1242; x_wconf 81' lang='lat' dir='ltr'>in</span> <span class='ocrx_word' id='word_1_35' title='bbox 492 1179 640 1267; x_wconf 83' lang='lat' dir='ltr'>genere</span> <span class='ocrx_word' id='word_1_36' title='bbox 661 1223 666 1232; x_wconf 94' lang='lat'><strong>.</strong></span> <span class='ocrx_word' id='word_1_37' title='bbox 690 1153 937 1267; x_wconf 70' lang='lat' dir='ltr'>pertractare</span> <span class='ocrx_word' id='word_1_38' title='bbox 982 1163 1196 1272; x_wconf 78' lang='lat' dir='ltr'>solimus,</span> <span class='ocrx_word' id='word_1_39' title='bbox 1244 1158 1412 1271; x_wconf 71' lang='lat' dir='ltr'>utrique</span> 
     </span>
     <span class='ocr_line' id='line_1_6' title="bbox 157 1281 1413 1400; baseline -0.001 -29"><span class='ocrx_word' id='word_1_40' title='bbox 157 1288 305 1397; x_wconf 90' lang='lat' dir='ltr'>corpori</span> <span class='ocrx_word' id='word_1_41' title='bbox 339 1287 478 1372; x_wconf 91' lang='lat' dir='ltr'>lucido</span> <span class='ocrx_word' id='word_1_42' title='bbox 510 1307 552 1372; x_wconf 91' lang='lat' dir='ltr'>et</span> <span class='ocrx_word' id='word_1_43' title='bbox 583 1307 711 1396; x_wconf 85' lang='lat' dir='ltr'>opaco</span> <span class='ocrx_word' id='word_1_44' title='bbox 739 1281 890 1390; x_wconf 85' lang='lat' dir='ltr'>figuras</span> <span class='ocrx_word' id='word_1_45' title='bbox 928 1311 1180 1400; x_wconf 59' lang='lat' dir='ltr'>quoeunque</span> <span class='ocrx_word' id='word_1_46' title='bbox 1231 1290 1413 1374; x_wconf 87' lang='lat' dir='ltr'>tribuen-</span> 
     </span>
     <span class='ocr_line' id='line_1_7' title="bbox 157 1412 1413 1528; baseline 0 -30"><span class='ocrx_word' id='word_1_47' title='bbox 157 1435 237 1519; x_wconf 88' lang='lat' dir='ltr'>tes,</span> <span class='ocrx_word' id='word_1_48' title='bbox 287 1417 463 1528; x_wconf 86' lang='lat' dir='ltr'>quaestio</span> <span class='ocrx_word' id='word_1_49' title='bbox 492 1412 677 1501; x_wconf 72' lang='lat' dir='ltr'>erroritur</span> <span class='ocrx_word' id='word_1_50' title='bbox 712 1412 898 1499; x_wconf 80' lang='lat' dir='ltr'>maxime</span> <span class='ocrx_word' id='word_1_51' title='bbox 932 1421 1052 1503; x_wconf 88' lang='lat' dir='ltr'>ardua</span> <span class='ocrx_word' id='word_1_52' title='bbox 1086 1437 1205 1524; x_wconf 86' lang='lat' dir='ltr'>atque</span> <span class='ocrx_word' id='word_1_53' title='bbox 1237 1417 1335 1501; x_wconf 88' lang='lat' dir='ltr'>adeo</span> <span class='ocrx_word' id='word_1_54' title='bbox 1367 1416 1413 1499; x_wconf 90' lang='lat' dir='ltr'>in</span> 
     </span>
     <span class='ocr_line' id='line_1_8' title="bbox 154 1539 1412 1654; baseline 0.002 -28"><span class='ocrx_word' id='word_1_55' title='bbox 154 1566 234 1628; x_wconf 83' lang='lat' dir='ltr'>eam</span> <span class='ocrx_word' id='word_1_56' title='bbox 282 1564 440 1654; x_wconf 85' lang='lat' dir='ltr'>partem</span> <span class='ocrx_word' id='word_1_57' title='bbox 485 1539 708 1651; x_wconf 80' lang='lat' dir='ltr'>Amaiyleos</span> <span class='ocrx_word' id='word_1_58' title='bbox 759 1540 1018 1630; x_wconf 88' lang='lat' dir='ltr'>infinitorum</span> <span class='ocrx_word' id='word_1_59' title='bbox 1050 1546 1162 1631; x_wconf 80' lang='lat' dir='ltr'>circa</span> <span class='ocrx_word' id='word_1_60' title='bbox 1195 1543 1412 1628; x_wconf 62' lang='lat' dir='ltr'>mustiones</span> 
     </span>
     <span class='ocr_line' id='line_1_9' title="bbox 152 1659 1414 1786; baseline 0.007 -33"><span class='ocrx_word' id='word_1_61' title='bbox 152 1659 373 1781; x_wconf 75' lang='lat' dir='ltr'>binarum,</span> <span class='ocrx_word' id='word_1_62' title='bbox 395 1673 636 1782; x_wconf 88' lang='lat' dir='ltr'>pluriumue</span> <span class='ocrx_word' id='word_1_63' title='bbox 666 1668 959 1778; x_wconf 79' lang='lat' dir='ltr'>variabilium,</span> <span class='ocrx_word' id='word_1_64' title='bbox 989 1695 1092 1777; x_wconf 86' lang='lat' dir='ltr'>quae</span> <span class='ocrx_word' id='word_1_65' title='bbox 1123 1696 1204 1758; x_wconf 92' lang='lat' dir='ltr'>nnn</span> <span class='ocrx_word' id='word_1_66' title='bbox 1235 1673 1294 1754; x_wconf 86' lang='lat' dir='ltr'>ita</span> <span class='ocrx_word' id='word_1_67' title='bbox 1324 1671 1414 1786; x_wconf 60' lang='lat' dir='ltr'>pri}</span> 
     </span>
     <span class='ocr_line' id='line_1_10' title="bbox 152 1795 1397 1910; baseline 0.002 -26"><span class='ocrx_word' id='word_1_68' title='bbox 152 1799 235 1884; x_wconf 81' lang='lat' dir='ltr'>dem</span> <span class='ocrx_word' id='word_1_69' title='bbox 266 1804 439 1888; x_wconf 83' lang='lat' dir='ltr'>demum</span> <span class='ocrx_word' id='word_1_70' title='bbox 471 1799 601 1904; x_wconf 69' lang='lat' dir='ltr'>excoli</span> <span class='ocrx_word' id='word_1_71' title='bbox 635 1799 689 1884; x_wconf 89' lang='lat' dir='ltr'>est</span> <span class='ocrx_word' id='word_1_72' title='bbox 720 1795 897 1910; x_wconf 83' lang='lat' dir='ltr'>coepta,</span> <span class='ocrx_word' id='word_1_73' title='bbox 928 1800 1142 1889; x_wconf 82' lang='lat' dir='ltr'>referenda.</span> <span class='ocrx_word' id='word_1_74' title='bbox 1258 1819 1262 1830; x_wconf 80' lang='grc'><em>“</em></span> <span class='ocrx_word' id='word_1_75' title='bbox 1392 1825 1397 1832; x_wconf 92' lang='grc'><strong><em>·</em></strong></span> 
     </span>
    </p>
   </div>
   <div class='ocr_carea' id='block_1_3' title="bbox 138 1983 1417 2994">
    <p class='ocr_par' dir='ltr' id='par_1_3' title="bbox 138 1983 1417 2994">
     <span class='ocr_line' id='line_1_11' title="bbox 292 1983 1412 2112; baseline 0.001 -33"><span class='ocrx_word' id='word_1_76' title='bbox 292 2017 366 2099; x_wconf 74' lang='lat'>39.</span> <span class='ocrx_word' id='word_1_77' title='bbox 401 1992 520 2112; x_wconf 86' lang='lat' dir='ltr'>Quod</span> <span class='ocrx_word' id='word_1_78' title='bbox 550 2013 692 2081; x_wconf 88' lang='lat' dir='ltr'>autem</span> <span class='ocrx_word' id='word_1_79' title='bbox 730 1993 943 2105; x_wconf 78' lang='lat' dir='ltr'>imprimis</span> <span class='ocrx_word' id='word_1_80' title='bbox 975 1997 1079 2086; x_wconf 84' lang='lat' dir='ltr'>cirta</span> <span class='ocrx_word' id='word_1_81' title='bbox 1113 1991 1217 2082; x_wconf 85' lang='lat' dir='ltr'>hanc</span> <span class='ocrx_word' id='word_1_82' title='bbox 1270 1983 1412 2080; x_wconf 54' lang='lat' dir='ltr'>Theoss</span> 
     </span>
     <span class='ocr_line' id='line_1_12' title="bbox 149 2116 1414 2238; baseline 0.002 -32"><span class='ocrx_word' id='word_1_83' title='bbox 149 2116 245 2206; x_wconf 84' lang='lat' dir='ltr'>riam</span> <span class='ocrx_word' id='word_1_84' title='bbox 280 2129 329 2210; x_wconf 86' lang='lat' dir='ltr'>ad</span> <span class='ocrx_word' id='word_1_85' title='bbox 360 2129 540 2237; x_wconf 81' lang='lat' dir='ltr'>praeiens</span> <span class='ocrx_word' id='word_1_86' title='bbox 570 2131 768 2210; x_wconf 63' lang='lat' dir='ltr'>nollrum‘</span> <span class='ocrx_word' id='word_1_87' title='bbox 805 2124 1038 2215; x_wconf 88' lang='lat' dir='ltr'>institutum</span> <span class='ocrx_word' id='word_1_88' title='bbox 1075 2127 1284 2238; x_wconf 86' lang='lat' dir='ltr'>pertinet,</span> <span class='ocrx_word' id='word_1_89' title='bbox 1325 2125 1414 2226; x_wconf 87' lang='lat' dir='ltr'>eli,</span> 
     </span>
     <span class='ocr_line' id='line_1_13' title="bbox 146 2251 1416 2366; baseline 0.005 -36"><span class='ocrx_word' id='word_1_90' title='bbox 146 2252 249 2357; x_wconf 89' lang='lat' dir='ltr'>qood</span> <span class='ocrx_word' id='word_1_91' title='bbox 282 2255 440 2366; x_wconf 82' lang='lat' dir='ltr'>semper</span> <span class='ocrx_word' id='word_1_92' title='bbox 472 2251 626 2358; x_wconf 83' lang='lat' dir='ltr'>figurae</span> <span class='ocrx_word' id='word_1_93' title='bbox 658 2254 901 2338; x_wconf 73' lang='lat' dir='ltr'>vmbrarum</span> <span class='ocrx_word' id='word_1_94' title='bbox 935 2260 993 2344; x_wconf 87' lang='lat' dir='ltr'>ita</span> <span class='ocrx_word' id='word_1_95' title='bbox 1024 2255 1105 2340; x_wconf 85' lang='lat' dir='ltr'>fint</span> <span class='ocrx_word' id='word_1_96' title='bbox 1144 2269 1416 2362; x_wconf 69' lang='lat' dir='ltr'>comparatae,</span> 
     </span>
     <span class='ocr_line' id='line_1_14' title="bbox 145 2379 1417 2484; baseline 0 -25"><span class='ocrx_word' id='word_1_97' title='bbox 145 2396 189 2460; x_wconf 80' lang='lat' dir='ltr'>tt</span> <span class='ocrx_word' id='word_1_98' title='bbox 217 2394 366 2464; x_wconf 83' lang='lat' dir='ltr'>earum</span> <span class='ocrx_word' id='word_1_99' title='bbox 401 2379 658 2480; x_wconf 84' lang='lat' dir='ltr'>superficiem</span> <span class='ocrx_word' id='word_1_100' title='bbox 700 2381 743 2458; x_wconf 90' lang='lat' dir='ltr'>in</span> <span class='ocrx_word' id='word_1_101' title='bbox 791 2382 961 2482; x_wconf 86' lang='lat' dir='ltr'>planum</span> <span class='ocrx_word' id='word_1_102' title='bbox 1012 2381 1212 2484; x_wconf 84' lang='lat' dir='ltr'>explicare</span> <span class='ocrx_word' id='word_1_103' title='bbox 1262 2379 1417 2479; x_wconf 82' lang='lat' dir='ltr'>liceat,</span> 
     </span>
     <span class='ocr_line' id='line_1_15' title="bbox 138 2495 1416 2612; baseline 0.002 -30"><span class='ocrx_word' id='word_1_104' title='bbox 138 2525 196 2586; x_wconf 86' lang='lat' dir='ltr'>ex</span> <span class='ocrx_word' id='word_1_105' title='bbox 229 2495 323 2611; x_wconf 82' lang='lat' dir='ltr'>q&#39;uo</span> <span class='ocrx_word' id='word_1_106' title='bbox 350 2499 528 2591; x_wconf 81' lang='lat' dir='ltr'>vicillim</span> <span class='ocrx_word' id='word_1_107' title='bbox 562 2498 841 2605; x_wconf 76' lang='lat' dir='ltr'>intelligitur,</span> <span class='ocrx_word' id='word_1_108' title='bbox 894 2503 924 2588; x_wconf 86' lang='lat' dir='ltr'>fi</span> <span class='ocrx_word' id='word_1_109' title='bbox 959 2527 1036 2612; x_wconf 88' lang='lat' dir='ltr'>pro</span> <span class='ocrx_word' id='word_1_110' title='bbox 1067 2499 1199 2608; x_wconf 85' lang='lat' dir='ltr'>figura</span> <span class='ocrx_word' id='word_1_111' title='bbox 1238 2522 1416 2608; x_wconf 85' lang='lat' dir='ltr'>quacun·</span> 
     </span>
     <span class='ocr_line' id='line_1_16' title="bbox 138 2627 1416 2739; baseline -0.002 -29"><span class='ocrx_word' id='word_1_112' title='bbox 138 2651 221 2739; x_wconf 85' lang='lat' dir='ltr'>que</span> <span class='ocrx_word' id='word_1_113' title='bbox 255 2651 341 2714; x_wconf 86' lang='lat' dir='ltr'>tam</span> <span class='ocrx_word' id='word_1_114' title='bbox 375 2629 556 2737; x_wconf 87' lang='lat' dir='ltr'>corporis</span> <span class='ocrx_word' id='word_1_115' title='bbox 588 2627 747 2727; x_wconf 84' lang='lat' dir='ltr'>lucidi,</span> <span class='ocrx_word' id='word_1_116' title='bbox 792 2650 915 2734; x_wconf 88' lang='lat' dir='ltr'>qoam</span> <span class='ocrx_word' id='word_1_117' title='bbox 950 2631 1073 2736; x_wconf 89' lang='lat' dir='ltr'>opaci</span> <span class='ocrx_word' id='word_1_118' title='bbox 1109 2631 1284 2710; x_wconf 84' lang='lat' dir='ltr'>sormam</span> <span class='ocrx_word' id='word_1_119' title='bbox 1320 2651 1416 2710; x_wconf 79' lang='lat' dir='ltr'>vm·</span> 
     </span>
     <span class='ocr_line' id='line_1_17' title="bbox 140 2751 1415 2872; baseline -0.001 -31"><span class='ocrx_word' id='word_1_120' title='bbox 140 2755 234 2841; x_wconf 87' lang='lat' dir='ltr'>brae</span> <span class='ocrx_word' id='word_1_121' title='bbox 265 2759 543 2841; x_wconf 83' lang='lat' dir='ltr'>determinare</span> <span class='ocrx_word' id='word_1_122' title='bbox 576 2759 838 2862; x_wconf 83' lang='lat' dir='ltr'>poterimus,</span> <span class='ocrx_word' id='word_1_123' title='bbox 871 2776 962 2837; x_wconf 93' lang='lat' dir='ltr'>tum</span> <span class='ocrx_word' id='word_1_124' title='bbox 995 2751 1120 2838; x_wconf 82' lang='lat' dir='ltr'>fimul</span> <span class='ocrx_word' id='word_1_125' title='bbox 1138 2775 1299 2866; x_wconf 83' lang='lat' dir='ltr'>quoque</span> <span class='ocrx_word' id='word_1_126' title='bbox 1315 2775 1415 2872; x_wconf 64' lang='lat' dir='ltr'>pto:</span> 
     </span>
     <span class='ocr_line' id='line_1_18' title="bbox 143 2880 1039 2994; baseline -0.009 -23"><span class='ocrx_word' id='word_1_127' title='bbox 143 2880 274 2971; x_wconf 86' lang='lat' dir='ltr'>blema</span> <span class='ocrx_word' id='word_1_128' title='bbox 308 2885 492 2971; x_wconf 83' lang='lat' dir='ltr'>nostrum</span> <span class='ocrx_word' id='word_1_129' title='bbox 526 2882 700 2994; x_wconf 73' lang='lat' dir='ltr'>perfecte</span> <span class='ocrx_word' id='word_1_130' title='bbox 730 2883 816 2967; x_wconf 82' lang='lat' dir='ltr'>lore</span> <span class='ocrx_word' id='word_1_131' title='bbox 846 2880 1039 2973; x_wconf 83' lang='lat' dir='ltr'>solutum.</span> 
     </span>
    </p>
   </div>
   <div class='ocr_carea' id='block_1_4' title="bbox 38 3067 1513 3582">
    <p class='ocr_par' dir='ltr' id='par_1_4' title="bbox 38 3067 1513 3582">
     <span class='ocr_line' id='line_1_19' title="bbox 297 3067 1416 3196; baseline 0.009 -34"><span class='ocrx_word' id='word_1_132' title='bbox 297 3105 371 3188; x_wconf 85' lang='lat'>40.</span> <span class='ocrx_word' id='word_1_133' title='bbox 402 3078 521 3195; x_wconf 82' lang='lat' dir='ltr'>Quoi</span> <span class='ocrx_word' id='word_1_134' title='bbox 554 3095 692 3166; x_wconf 88' lang='lat' dir='ltr'>autem</span> <span class='ocrx_word' id='word_1_135' title='bbox 725 3079 881 3196; x_wconf 82' lang='lat' dir='ltr'>semper</span> <span class='ocrx_word' id='word_1_136' title='bbox 911 3077 1044 3190; x_wconf 83' lang='lat' dir='ltr'>figura</span> <span class='ocrx_word' id='word_1_137' title='bbox 1078 3081 1245 3170; x_wconf 77' lang='lat' dir='ltr'>umbrae</span> <span class='ocrx_word' id='word_1_138' title='bbox 1277 3067 1416 3172; x_wconf 79' lang='lat' dir='ltr'>nolito</span> 
     </span>
     <span class='ocr_line' id='line_1_20' title="bbox 147 3197 1414 3324; baseline 0.003 -32"><span class='ocrx_word' id='word_1_139' title='bbox 147 3202 389 3316; x_wconf 79' lang='lat' dir='ltr'>problemati</span> <span class='ocrx_word' id='word_1_140' title='bbox 421 3197 687 3318; x_wconf 65' lang='lat' dir='ltr'>lubiiciatur&#39;,</span> <span class='ocrx_word' id='word_1_141' title='bbox 718 3209 798 3294; x_wconf 90' lang='lat' dir='ltr'>hnc</span> <span class='ocrx_word' id='word_1_142' title='bbox 842 3215 967 3294; x_wconf 88' lang='lat' dir='ltr'>modo</span> <span class='ocrx_word' id='word_1_143' title='bbox 984 3211 1112 3296; x_wconf 61' lang='lat' dir='ltr'>facilc</span> <span class='ocrx_word' id='word_1_144' title='bbox 1141 3214 1294 3298; x_wconf 85' lang='lat' dir='ltr'>ostendi</span> <span class='ocrx_word' id='word_1_145' title='bbox 1322 3229 1414 3324; x_wconf 90' lang='lat' dir='ltr'>pot·</span> 
     </span>
     <span class='ocr_line' id='line_1_21' title="bbox 38 3321 1414 3453; baseline 0.009 -40"><span class='ocrx_word' id='word_1_146' title='bbox 38 3444 39 3453; x_wconf 8' lang='lat' dir='ltr'><em>N</em></span> <span class='ocrx_word' id='word_1_147' title='bbox 146 3335 209 3419; x_wconf 82' lang='lat' dir='ltr'>eli.</span> <span class='ocrx_word' id='word_1_148' title='bbox 252 3321 501 3450; x_wconf 79' lang='lat' dir='ltr'>¹Quoniam</span> <span class='ocrx_word' id='word_1_149' title='bbox 553 3339 696 3423; x_wconf 84' lang='lat' dir='ltr'>vmbra</span> <span class='ocrx_word' id='word_1_150' title='bbox 741 3338 790 3424; x_wconf 88' lang='lat' dir='ltr'>ab</span> <span class='ocrx_word' id='word_1_151' title='bbox 835 3339 1032 3424; x_wconf 80' lang='lat' dir='ltr'>extremis</span> <span class='ocrx_word' id='word_1_152' title='bbox 1065 3338 1248 3450; x_wconf 89' lang='lat' dir='ltr'>corporis</span> <span class='ocrx_word' id='word_1_153' title='bbox 1282 3340 1414 3426; x_wconf 91' lang='lat' dir='ltr'>lucidi</span> 
     </span>
     <span class='ocr_line' id='line_1_22' title="bbox 38 3461 1513 3582; baseline 0.003 -38"><span class='ocrx_word' id='word_1_154' title='bbox 38 3492 39 3501; x_wconf 47' lang='lat'><em>³</em></span> <span class='ocrx_word' id='word_1_155' title='bbox 146 3464 296 3571; x_wconf 84' lang='lat' dir='ltr'>radiis,</span> <span class='ocrx_word' id='word_1_156' title='bbox 339 3466 409 3576; x_wconf 90' lang='lat' dir='ltr'>qui</span> <span class='ocrx_word' id='word_1_157' title='bbox 443 3461 566 3550; x_wconf 84' lang='lat' dir='ltr'>srmul</span> <span class='ocrx_word' id='word_1_158' title='bbox 597 3487 745 3578; x_wconf 88' lang='lat' dir='ltr'>corpus</span> <span class='ocrx_word' id='word_1_159' title='bbox 773 3489 945 3578; x_wconf 80' lang='lat' dir='ltr'>opacum</span> <span class='ocrx_word' id='word_1_160' title='bbox 980 3468 1179 3578; x_wconf 83' lang='lat' dir='ltr'>stringunt</span> <span class='ocrx_word' id='word_1_161' title='bbox 1213 3467 1418 3582; x_wconf 83' lang='lat' dir='ltr'>termina·¹</span> <span class='ocrx_word' id='word_1_162' title='bbox 1510 3543 1513 3548; x_wconf 87' lang='lat'>.</span> 
     </span>
    </p>
   </div>
   <div class='ocr_carea' id='block_1_5' title="bbox 148 3579 1581 3707">
    <p class='ocr_par' dir='ltr' id='par_1_5' title="bbox 148 3579 1581 3707">
     <span class='ocr_line' id='line_1_23' title="bbox 148 3579 1581 3707; baseline 0.006 -34"><span class='ocrx_word' id='word_1_163' title='bbox 148 3603 245 3696; x_wconf 88' lang='lat' dir='ltr'>tur,</span> <span class='ocrx_word' id='word_1_164' title='bbox 285 3579 424 3703; x_wconf 83' lang='lat' dir='ltr'>primo</span> <span class='ocrx_word' id='word_1_165' title='bbox 461 3596 643 3702; x_wconf 81' lang='lat' dir='ltr'>paterio</span> <span class='ocrx_word' id='word_1_166' title='bbox 677 3596 884 3706; x_wconf 84' lang='lat' dir='ltr'>lupetlicie</span> <span class='ocrx_word' id='word_1_167' title='bbox 917 3595 1084 3682; x_wconf 85' lang='lat' dir='ltr'>rmbrae</span> <span class='ocrx_word' id='word_1_168' title='bbox 1115 3600 1313 3707; x_wconf 87' lang='lat' dir='ltr'>cuiusque</span> <span class='ocrx_word' id='word_1_169' title='bbox 1346 3597 1413 3682; x_wconf 91' lang='lat' dir='ltr'>in·</span> <span class='ocrx_word' id='word_1_170' title='bbox 1463 3631 1469 3656; x_wconf 72' lang='lat'>=</span> <span class='ocrx_word' id='word_1_171' title='bbox 1525 3659 1530 3670; x_wconf 77' lang='grc'>.</span> <span class='ocrx_word' id='word_1_172' title='bbox 1572 3633 1581 3649; x_wconf 87' lang='grc'><em>·</em></span> 
     </span>
    </p>
   </div>
   <div class='ocr_carea' id='block_1_6' title="bbox 144 3715 1460 4738">
    <p class='ocr_par' dir='ltr' id='par_1_6' title="bbox 144 3715 1460 4612">
     <span class='ocr_line' id='line_1_24' title="bbox 145 3715 1416 3844; baseline 0.009 -43"><span class='ocrx_word' id='word_1_173' title='bbox 145 3715 281 3844; x_wconf 80' lang='lat' dir='ltr'>finitas</span> <span class='ocrx_word' id='word_1_174' title='bbox 312 3720 399 3806; x_wconf 86' lang='lat' dir='ltr'>dari</span> <span class='ocrx_word' id='word_1_175' title='bbox 432 3717 559 3833; x_wconf 85' lang='lat' dir='ltr'>lineas</span> <span class='ocrx_word' id='word_1_176' title='bbox 591 3721 748 3828; x_wconf 75' lang='lat' dir='ltr'>rectus,</span> <span class='ocrx_word' id='word_1_177' title='bbox 795 3723 1117 3834; x_wconf 84' lang='lat' dir='ltr'>quandoquidem</span> <span class='ocrx_word' id='word_1_178' title='bbox 1151 3722 1303 3832; x_wconf 85' lang='lat' dir='ltr'>finguli</span> <span class='ocrx_word' id='word_1_179' title='bbox 1331 3743 1416 3811; x_wconf 23' lang='lat' dir='ltr'>xrs·-</span> 
     </span>
     <span class='ocr_line' id='line_1_25' title="bbox 148 3845 1415 3964; baseline 0.007 -33"><span class='ocrx_word' id='word_1_180' title='bbox 148 3848 206 3931; x_wconf 87' lang='lat' dir='ltr'>dii</span> <span class='ocrx_word' id='word_1_181' title='bbox 235 3849 450 3935; x_wconf 71' lang='lat' dir='ltr'>smundum</span> <span class='ocrx_word' id='word_1_182' title='bbox 482 3845 607 3933; x_wconf 84' lang='lat' dir='ltr'>lineas</span> <span class='ocrx_word' id='word_1_183' title='bbox 638 3851 763 3936; x_wconf 78' lang='lat' dir='ltr'>rectas</span> <span class='ocrx_word' id='word_1_184' title='bbox 803 3851 1157 3964; x_wconf 83' lang='lat' dir='ltr'>progrediuntur,</span> <span class='ocrx_word' id='word_1_185' title='bbox 1211 3870 1415 3963; x_wconf 76' lang='lat' dir='ltr'>praeterea</span> 
     </span>
     <span class='ocr_line' id='line_1_26' title="bbox 146 3975 1415 4090; baseline 0.008 -31"><span class='ocrx_word' id='word_1_186' title='bbox 146 3997 252 4060; x_wconf 73' lang='lat' dir='ltr'>sero</span> <span class='ocrx_word' id='word_1_187' title='bbox 281 3976 416 4063; x_wconf 87' lang='lat' dir='ltr'>etiam·</span> <span class='ocrx_word' id='word_1_188' title='bbox 441 3999 589 4063; x_wconf 85' lang='lat' dir='ltr'>omues</span> <span class='ocrx_word' id='word_1_189' title='bbox 621 3975 663 4061; x_wconf 92' lang='lat' dir='ltr'>hi</span> <span class='ocrx_word' id='word_1_190' title='bbox 699 3980 801 4065; x_wconf 84' lang='lat' dir='ltr'>radii</span> <span class='ocrx_word' id='word_1_191' title='bbox 853 3998 1080 4088; x_wconf 81' lang='lat' dir='ltr'>utrumque</span> <span class='ocrx_word' id='word_1_192' title='bbox 1126 4000 1277 4090; x_wconf 87' lang='lat' dir='ltr'>corpus</span> <span class='ocrx_word' id='word_1_193' title='bbox 1328 3997 1415 4068; x_wconf 89' lang='lat' dir='ltr'>tam</span> 
     </span>
     <span class='ocr_line' id='line_1_27' title="bbox 146 4091 1460 4220; baseline 0.01 -36"><span class='ocrx_word' id='word_1_194' title='bbox 146 4091 333 4190; x_wconf 78' lang='lat' dir='ltr'>lucidum</span> <span class='ocrx_word' id='word_1_195' title='bbox 381 4127 506 4220; x_wconf 89' lang='lat' dir='ltr'>quam</span> <span class='ocrx_word' id='word_1_196' title='bbox 555 4127 730 4218; x_wconf 88' lang='lat' dir='ltr'>opacum</span> <span class='ocrx_word' id='word_1_197' title='bbox 784 4126 982 4216; x_wconf 85' lang='lat' dir='ltr'>tangent,</span> <span class='ocrx_word' id='word_1_198' title='bbox 1010 4103 1176 4191; x_wconf 84' lang='lat' dir='ltr'>uareli</span> <span class='ocrx_word' id='word_1_199' title='bbox 1216 4102 1412 4220; x_wconf 91' lang='lat' dir='ltr'>planum</span> <span class='ocrx_word' id='word_1_200' title='bbox 1455 4111 1460 4121; x_wconf 87' lang='lat'>&#39;</span> 
     </span>
     <span class='ocr_line' id='line_1_28' title="bbox 144 4233 1418 4352; baseline 0.005 -35"><span class='ocrx_word' id='word_1_201' title='bbox 144 4236 413 4347; x_wconf 86' lang='lat' dir='ltr'>quodcunque</span> <span class='ocrx_word' id='word_1_202' title='bbox 444 4233 728 4348; x_wconf 85' lang='lat' dir='ltr'>concipiatur,</span> <span class='ocrx_word' id='word_1_203' title='bbox 759 4239 867 4348; x_wconf 89' lang='lat' dir='ltr'>quod</span> <span class='ocrx_word' id='word_1_204' title='bbox 899 4235 999 4322; x_wconf 88' lang='lat' dir='ltr'>haec</span> <span class='ocrx_word' id='word_1_205' title='bbox 1030 4238 1114 4322; x_wconf 90' lang='lat' dir='ltr'>duo</span> <span class='ocrx_word' id='word_1_206' title='bbox 1141 4259 1315 4352; x_wconf 76' lang='lat' dir='ltr'>corpora</span> <span class='ocrx_word' id='word_1_207' title='bbox 1363 4235 1418 4350; x_wconf 74' lang='lat' dir='ltr'>fi‘.</span> 
     </span>
     <span class='ocr_line' id='line_1_29' title="bbox 147 4359 1404 4476; baseline 0.003 -30"><span class='ocrx_word' id='word_1_208' title='bbox 147 4359 484 4472; x_wconf 80' lang='lat' dir='ltr'>mulcantingtt</span> <span class='ocrx_word' id='word_1_209' title='bbox 514 4385 559 4446; x_wconf 85' lang='lat' dir='ltr'>ac</span> <span class='ocrx_word' id='word_1_210' title='bbox 590 4365 787 4476; x_wconf 65' lang='lat' dir='ltr'>punstum</span> <span class='ocrx_word' id='word_1_211' title='bbox 818 4366 1013 4452; x_wconf 75' lang='lat' dir='ltr'>contactu</span> <span class='ocrx_word' id='word_1_212' title='bbox 1048 4364 1218 4452; x_wconf 83' lang='lat' dir='ltr'>ouidem</span> <span class='ocrx_word' id='word_1_213' title='bbox 1259 4368 1404 4452; x_wconf 86' lang='lat' dir='ltr'>incur·</span> 
     </span>
     <span class='ocr_line' id='line_1_30' title="bbox 146 4479 1417 4612; baseline -0.002 -34"><span class='ocrx_word' id='word_1_214' title='bbox 146 4515 245 4609; x_wconf 84' lang='lat' dir='ltr'>pore</span> <span class='ocrx_word' id='word_1_215' title='bbox 271 4489 416 4586; x_wconf 80' lang='lat' dir='ltr'>lucido</span> <span class='ocrx_word' id='word_1_216' title='bbox 442 4509 609 4584; x_wconf 85' lang='lat' dir='ltr'>notetur</span> <span class='ocrx_word' id='word_1_217' title='bbox 638 4493 776 4583; x_wconf 85' lang='lat' dir='ltr'>littera</span> <span class='ocrx_word' id='word_1_218' title='bbox 811 4495 877 4602; x_wconf 87' lang='lat' dir='ltr'>M,</span> <span class='ocrx_word' id='word_1_219' title='bbox 892 4495 935 4581; x_wconf 90' lang='lat' dir='ltr'>in</span> <span class='ocrx_word' id='word_1_220' title='bbox 952 4517 1079 4612; x_wconf 83' lang='lat' dir='ltr'>opaco</span> <span class='ocrx_word' id='word_1_221' title='bbox 1095 4517 1198 4584; x_wconf 72' lang='lat' dir='ltr'>sero</span> <span class='ocrx_word' id='word_1_222' title='bbox 1213 4497 1346 4582; x_wconf 82' lang='lat' dir='ltr'>littera</span> <span class='ocrx_word' id='word_1_223' title='bbox 1364 4479 1417 4598; x_wconf 78' lang='lat' dir='ltr'>m,</span> 
     </span>
    </p>

    <p class='ocr_par' dir='ltr' id='par_1_7' title="bbox 292 4617 1414 4738">
     <span class='ocr_line' id='line_1_31' title="bbox 292 4617 1414 4738; baseline -0.009 -21"><span class='ocrx_word' id='word_1_224' title='bbox 292 4650 296 4658; x_wconf 83' lang='grc'>’</span> <span class='ocrx_word' id='word_1_225' title='bbox 749 4621 794 4713; x_wconf 90' lang='lat' dir='ltr'>D</span> <span class='ocrx_word' id='word_1_226' title='bbox 823 4651 853 4711; x_wconf 80' lang='lat' dir='ltr'>a</span> <span class='ocrx_word' id='word_1_227' title='bbox 1264 4617 1414 4738; x_wconf 80' lang='lat' dir='ltr'>perspi·</span> 
     </span>
    </p>
   </div>
   <div class='ocr_carea' id='block_1_7' title="bbox 0 0 2118 5634">
    <p class='ocr_par' dir='ltr' id='par_1_8' title="bbox 0 0 2118 5634">
     <span class='ocr_line' id='line_1_32' title="bbox 0 0 2118 5634; baseline 0 4"><span class='ocrx_word' id='word_1_228' title='bbox 0 0 2118 5634; x_wconf 95' lang='lat' dir='ltr'> </span> 
     </span>
    </p>
   </div>
  </div>
 </body>
</html>
