4225 5634
590 508 594 512 ’
705 539 775 642 ςσ
831 468 1219 681 Μιετιιορνὲ
1264 524 1437 625 noun
1480 512 1815 623 cnncvnvu

708 754 822 869 'grele
869 763 927 872 ita
975 764 1065 875 erpi
1111 760 1290 871 debere,
1329 780 1389 871 ¹vt
1434 770 1640 851 euanescat
1676 761 1869 871 pofitox
1886 742 1988 867 :02'

709 888 820 971 unde
852 896 977 975 etiam
1009 893 1052 973 in
1088 892 1519 1003 genereintelligitur
1542 954 1564 999 ‚‚
1589 897 1746 999 semper
1783 904 1858 1000 pro
1895 886 1986 971 inte·

712 1017 1133 1127 grationeiormuiae
1165 1014 1363 1133 fluite,
1407 1041 1569 1127 certum
1620 1020 1800 1131 aliquem
1853 1017 1989 1116 termi-

711 1167 817 1229 num
851 1143 994 1265 ueluti*
1019 1148 1224 1259 punctum
1259 1154 1323 1257 A,
1355 1171 1569 1261 tamquam
1604 1149 1857 1261 principium
1892 1149 1991 1230 inte·

707 1275 903 1383 gratioris
932 1275 1051 1360 statui
1085 1298 1206 1387 atque
1240 1277 1440 1389 integrale
1458 1272 1590 1397 sZd
1605 1302 1633 1387 uc
1661 1280 1895 1365 euanescere
1923 1278 1990 1357 de·

705 1400 799 1487 bere
834 1402 966 1511 pofito
1001 1427 1102 1490 x:
1123 1428 1176 1515 0,
1212 1408 1285 1493 uel
1319 1408 1348 1493 fi
1383 1412 1487 1493 forte
1520 1409 1844 1515 circumstantiae
1878 1402 1990 1505 aditet

705 1534 859 1617 fuerint
886 1555 1173 1645 comparatae,
1208 1538 1422 1651 tribuendo
1455 1537 1531 1649 ipsi
1566 1561 1597 1621 x
1629 1536 1816 1622 valorem
1851 1557 1989 1643 quern·

708 1664 826 1771 piam
852 1666 1051 1767 datum,
1102 1666 1243 1752 deinde
1288 1692 1387 1751 uero
1421 1665 1546 1753 initio
1586 1669 1811 1751 constituto
1839 1724 1852 1769 ,
1879 1661 1989 1748 valor

711 1788 919 1873 formulae
959 1785 1294 1890 [dezw
1350 1792 1527 1881 absciffae
1576 1794 1786 1880 Asz
1835 1796 1992 1893 respon·

717 1915 837 2003 debit.

869 2108 942 2193 35.
976 2088 1058 2175 His
1105 2089 1214 2177 circa
1265 2087 1491 2177 formulam
1544 2087 1791 2199 integralem
1833 2079 1992 2195 [de

718 2216 951 2326 obseruatis,
982 2222 1214 2331 rideamus,
1256 2245 1479 2331 quamnam
1515 2222 1649 2307 ideam
1684 2223 1796 2308 nobis
1829 2220 1879 2305 de
1909 2241 1994 2303 cut·

712 2350 781 2432 uis
810 2348 895 2435 illis
931 2352 1138 2459 proximis
1168 2376 1255 2463 αμ
1290 2354 1467 2435 formare
1499 2352 1721 2436 debeamus.
1805 2356 1868 2433 Ac
1911 2348 2001 2455 pri·
2088 2405 2092 2451 ἶ

711 2480 787 2563 mo
834 2480 1006 2590 quidem
1061 2496 1202 2590 patet,
1257 2476 1327 2561 has
1374 2501 1520 2563 curuas
1569 2480 1774 2579 continuo
1822 2476 1999 2587 quodam
2088 2534 2092 2583 1

591 2651 601 2673 ·
713 2606 846 2691 tractu
878 2608 1017 2691 ducias
1047 2604 1328 2714 effodebere,
1361 2608 1418 2691 ita
1451 2628 1499 2691 ut
1532 2608 1573 2693 in
1607 2610 1660 2695 iis
1693 2626 1894 2714 nusquam
1925 2604 1998 2688 an‘-
2086 2668 2092 2722 p

718 2732 812 2844 guli
843 2731 970 2821 aliiue
1002 2735 1123 2821 saltus
1155 2732 1541 2851 deprehendantur3
1589 2736 1668 2825 hoc
1692 2734 1787 2835 violo
1829 2750 1996 2843 notato,
2088 2794 2092 2809 ,

716 2864 887 2981 perinde
918 2866 975 2949 est
1009 2861 1092 2947 siue
1124 2864 1217 2951 istae
1249 2890 1400 2953 curuae
1434 2865 1524 2975 lege
1554 2870 1751 2980 quapiam
1792 2864 2001 2949 continui·
2090 2906 2091 2979 i

715 2994 812 3079 tatis
844 2992 916 3076 vel
948 2996 1188 3101 aequatione
1219 2999 1412 3107 quapiam
1443 2997 1755 3104 contineantur,
1806 2989 1889 3079 siue
1921 2990 2003 3079 fint

715 3120 817 3209 adeo
847 3121 1157 3235 discontinuue,
1189 3122 1301 3234 quast
1334 3124 1463 3213 libero
1495 3151 1639 3217 manus
1669 3143 1789 3213 motu
1822 3120 1981 3207 dudae.

876 3366 970 3458 36..
994 3351 1249 3463 Huiusmodi
1299 3351 1430 3437 lineae
1480 3380 1626 3443 curuae
1675 3350 2006 3443 commodiffime

721 3484 903 3593 sequenti
935 3491 1064 3575 modo
1098 3492 1290 3573 formatae
1325 3480 1455 3569 menti
1490 3489 1773 3598 repraesentari
1825 3482 2004 3593 possunt.
2088 3524 2089 3534 t

720 3610 913 3701 Ducatut
945 3618 1096 3702 scilicet
1128 3639 1203 3725 pto
1236 3611 1366 3695 lubitu
1418 3613 1524 3698 linea
1573 3642 1698 3703 curua
1739 3634 2010 3728 quaecunque

721 3740 824 3828 BN
856 3747 991 3830 eidem
1025 3744 1200 3830 absciffae
1236 3738 1327 3826 ΑΡ
1373 3742 1632 3847 imminens,
1681 3768 1727 3827 ac
1774 3741 1906 3829 dudio
1955 3741 2010 3847 ad

723 3866 883 3977 fingula
915 3875 1003 3959 axis
1036 3872 1186 3984 puncta
1220 3872 1264 3953 X
1294 3868 1514 3980 applicatis
1547 3858 1712 3957 XYV
1747 3870 1903 3978 finguia
1938 3870 2012 3953 in·

723 3999 897 4086 tetualla
946 4004 1047 4089 YV
1102 4004 1144 4087 in
1196 4000 1355 4082 tatione
1406 3995 1514 4084 finiti
1547 4004 1597 4085 ad
1628 3998 1790 4089 infinite
1821 4022 2014 4113 paruum
2086 4006 2087 4015 '

723 4129 908 4215 secentur
940 4135 981 4216 in
1014 4158 1067 4241 u,
1101 4135 1169 4217 ita¹
1190 4144 1239 4210 rt
1271 4125 1360 4212 Yu
1394 4124 1586 4240 sit'quafi
1622 4155 1712 4238 pars
1738 4128 2025 4219 infinittsrma-
2085 4220 2086 4223 s

727 4255 934 4345 interualli
969 4260 1085 4352 YV.
1148 4254 1242 4339 Hoc
1274 4256 1388 4339 enim
1428 4262 1554 4344 modo
1580 4283 1706 4344 curua
1739 4288 1861 4377 ανμ
1896 4258 2022 4365 οὺῑὶγΙ
2085 4242 2086 4249 ¹

727 4390 890 4474 nebitur
921 4417 943 4475 a
974 4412 1103 4473 curua
1137 4382 1343 4495 proposita
1378 4388 1419 4470 Α
1444 4389 1487 4473 Μ
1526 4391 1567 4472 iu
1601 4394 1793 4476 onmibus
1841 4387 2023 4502 ponciis
2084 4456 2085 4512 q

728 4516 896 4639 infinite
925 4544 1074 4635 parum
1105 4511 1267 4622 diruta,
1295 4513 1461 4627 qualem
1492 4520 1541 4607 ad
1569 4520 1802 4609 institutum
1821 4515 2029 4618 nostrum

1866 4670 2036 4761 requi-2
2083 4734 2084 4755 r
