4225 5634
631 527 762 626 eor
913 514 1006 603 oo
1072 505 1688 625 urrunnuuoomo

669 744 922 845 firmatum,
964 759 1006 826 et
1039 744 1273 852 perinaeum
1308 742 1614 850 quodammodo
1645 759 1795 821 cautam
1832 732 1946 821 facile

669 872 915 991 persuadent,
934 871 1171 977 chirurgo,
1209 879 1357 969 ¹virum
1388 869 1513 954 illum
1551 892 1592 953 et
1624 870 1818 953 feminam
1855 866 1946 949 effe.

668 1001 856 1111 lpiorum
906 1004 1137 1085 testimonio
1177 1002 1406 1085 absoluitut
1453 998 1562 1085 sorte
1595 997 1793 1083 militiam
1824 1018 1945 1080 exer·

665 1130 780 1213 cendi
814 1152 856 1215 et
888 1134 1113 1214 remittitur
1144 1133 1192 1213 ad
1224 1140 1409 1240 penates:
1512 1202 1516 1211 .
1571 1205 1577 1215 .

817 1320 991 1405 Interim
1037 1318 1335 1406 lllustrillrmus
1384 1320 1573 1430 Georgius
1626 1316 1850 1407 Andrroder
1898 1316 1945 1401 de

662 1427 891 1559 ‘Goloffzym
927 1450 1087 1531 Praetor
1122 1444 1330 1550 militaris,
1358 1450 1499 1562 Eques
1517 1450 1573 1535 St
1609 1453 1753 1533 Annae
1787 1468 1829 1530 et
1864 1468 1947 1551 gu·

666 1575 853 1656 bernator
888 1577 1387 1689 Archnngeiopolitanus,
1422 1580 1560 1661 audita
1602 1576 1676 1662 hac
1714 1579 1850 1659 minus
1882 1576 1946 1659 su·

536 1711 540 1720 ’
668 1700 740 1783 lita
776 1708 956 1809 partium
992 1711 1371 1811 conformatione,.
1399 1702 1726 1791 iuliu'iuu'entm
1775 1706 1822 1787 ad
1879 1725 1947 1787 me

588 1824 592 1828 ’
667 1833 845 1933 adduci,
877 1858 1000 1941 quam
1035 1858 1114 1939 ego
1144 1836 1392 1921 occasionem
1429 1836 1595 1941 nadlus,
1632 1832 1778 1942 ,paucis
1809 1852 1947 1917 exter-

670 1979 765 2040 nam
800 1966 978 2067 partium
1015 1961 1355 2075 descriptionem,
1402 1965 1534 2053 addita
1564 1964 1627 2047 ‘ad
1677 1964 1828 2046 viuum
1879 1965 1948 2046 de·

666 2086 774 2197 pido
789 2076 922 2174 'icone
944 2084 1151 2177 ‘absoluo

821 2278 956 2386 Regio
988 2282 1103 2391 pubis
1133 2299 1219 2365 erat
1253 2288 1414 2390 turgida
1443 2300 1491 2401 e't¹
1512 2284 1670 2381 elenau
1704 2301 1747 2363 vt
1780 2281 1821 2365 in
1843 2283 1948 2371 sexu

669 2390 850 2489 femineo
882 2406 971 2491 fieri
1007 2411 1136 2513 soletr
1184 2413 1289 2495 coles
1324 2415 1508 2501 flaccidus
1544 2420 1644 2497 duos
1686 2409 1851 2519 pollices
1902 2430 1955 2501 et·

671 2552 749 2616 tres
782 2531 911 2651 lineas
946 2533 1126 2643 longus,
1180 2538 1262 2623 fine
1292 2538 1428 2631 coeco.
1447 2547 1720 2645 terminatus;
1768 2562 1947 2649 praepu-

672 2662 779 2743 tium
813 2664 866 2747 ob
897 2658 1111 2763 desedium¹
1134 2666 1280 2765 frenjuli
1314 2671 1501 2781 glandem
1542 2692 1623 2755 non
1644 2670 1811 2773 tegebat.
1843 2662 1947 2755 Ori·

477 2788 818 2877 Tab.Xv.dcium
853 2792 1044 2879 urethrae
1077 2792 1140 2887 (A
1160 2782 1225 2908 Al
1248 2782 1499 2905 imperuium
1531 2821 1573 2884 et
1607 2798 1793 2881 intilura·
1833 2790 1945 2908 quast

672 2938 860 3002 notatum
893 2925 971 3027 (a)
1004 2926 1098 3007 inde
1132 2927 1348 3011 secundum
1383 2950 1508 3014 totam
1545 2927 1843 3033 longitudinem
1877 2950 1949 3010 ru-

673 3047 725 3129 l'is
760 3050 1023 3157 inferiorem,
1075 3048 1143 3133 vbi
1181 3054 1340 3140 Natura
1372 3054 1557 3145 vtetltrae
1599 3058 1823 3162 designauit
1877 3054 1948 3137 lo-

670 3192 806 3282 cum-‚r
845 3200 1037 3263 exaratus
1081 3201 1169 3263 erat
1218 3183 1350 3268 sulcus
1400 3200 1527 3299 usque
1575 3186 1622 3271 a'd
1660 3182 1775 3268 'baim
1822 3184 1944 3268 colis,

673 3305 795 3424 Hunc
831 3312 920 3392 uiae
953 3304 1425 3421 minuendorum,
1473 3316 1719 3423 adimplebat
1771 3312 1949 3397 forami-

672 3430 855 3538 nulum,
887 3460 971 3545 quo
1004 3422 1121 3519 vrin'a
1156 3443 1294 3525 emitti
1329 3446 1479 3553 polilt,
1529 3446 1619 3527 loco
1667 3444 1829 3555 prorsus
1882 3442 1951 3526 in·

672 3566 897 3667 condium,
947 3560 1148 3646 nimirum
1198 3574 1248 3659 ad
1280 3552 1528 3681 superiorem
1568 3567 1745 3683 perinaei
1783 3590 1945 3680 partem

560 3800 570 3816 ἱ
671 3684 764 3791 (du
785 3691 902 3793 quod'
928 3691 1102 3776 rimulae
1133 3698 1252 3781 indat
1278 3694 1427 3785 hiabat.
1456 3784 1459 3793 ,
1492 3702 1626 3786 Tot'us
1656 3700 1836 3811 perinaei
1869 3698 1946 3783 de·

669 3820 808 3900 cursus
831 3840 929 3932 ¹erat
961 3845 1115 3929 cauus,
1150 3852 1250 3935 quae
1279 3832 1434 3913 ‘cauitas
1467 3829 1703 3915 adhaerente
1725 3838 1848 3939 'parte
1881 3828 1946 3914 la·

670 3944 784 4026 terali
819 3947 940 4031 scroti
977 3944 1096 4060 (dd)
1128 3956 1373 4064 augebatur,
1427 3962 1482 4042 ita
1517 3979 1563 4041 vt
1592 3962 1722 4044 obiter
1771 3958 1945 4066 spectata

671 4072 897 4177 imaginem
920 4082 1109 4187 'partium
1145 4084 1395 4171 naturalium
1432 4086 1729 4173 foeminrairum
1758 4098 1856 4195 ‘prae
1905 4090 1945 4171 se

668 4206 803 4286 ferret,
884 4204 1073 4291 Scrotum
1104 4210 1240 4316 ipsum
1277 4216 1391 4327 supra
1424 4216 1530 4301 bafin
1563 4218 1665 4304 colis
1698 4214 1945 4319 firmatum,

670 4328 1007 4447 adlloquesepto
1037 4336 1286 4427 intermedio
1328 4346 1562 4430 distinctum
1611 4349 1711 4429 duos
1763 4344 1948 4428 surculos

668 4459 952 4568 edarmaut,
1014 4466 1086 4579 qui
1139 4474 1405 4582 praesentibus
1454 4474 1644 4565 testiculis
1688 4473 1972 4581 homineque·

1803 4605 1949 4690 erudio
