4225 5634
404 546 496 638 or
544 538 1164 640 nununrrtroorro.
1325 569 1417 663 μ,

147 766 363 862 incisuram
396 774 550 889 glandis
578 772 648 889 (u)
667 799 684 886 ,‘
711 779 766 865 src
795 780 990 873 liberter
1022 778 1238 865 commoda
1284 778 1417 887 uperi·

147 922 218 988 tur
254 903 319 987 ria
351 903 493 990 semini
524 904 754 1017 circulato,
779 909 910 1019 «qnod
944 936 995 997 eo
1023 906 1170 994 fortius
1203 909 1416 1013 erumpit,

146 1054 226 1142 quo
260 1031 391 1139 magis
426 1030 632 1142 perhanc
666 1037 968 1144 elongationem
998 1034 1208 1122 orificium
1228 1032 1420 1120 urethrae

144 1161 191 1244 ad
222 1161 531 1246 extremitatem
563 1165 814 1268 angustatur.
874 1166 951 1249 llio
1000 1168 1070 1249 sub
1119 1163 1417 1250 conditionibus
1550 1252 1559 1263 ,

144 1284 256 1373 sutile
284 1289 478 1396 attingit,
510 1286 721 1374 orificium
756 1288 887 1387 uteri,
934 1296 977 1377 in
1008 1292 1207 1403 coituque
1250 1296 1419 1377 foecun·
1496 1369 1506 1385 ,

144 1406 198 1499 do
230 1414 297 1497 sua
334 1421 491 1527 peragit
522 1416 668 1503 officia.
734 1422 844 1505 Vana
878 1420 1011 1527 igitur
1062 1421 1170 1505 mihi
1223 1421 1418 1503 uidentur

144 1564 384 1650 argumenta
416 1568 438 1627 a
476 1542 581 1635 mala
637 1534 958 1633 conformatione
1011 1548 1124 1658 penis
1166 1550 1418 1658 depromta,

142 1671 285 1781 quibus
333 1670 570 1756 sententiam
619 1676 732 1759 mam
783 1676 990 1763 defendere
1037 1693 1239 1759 conantur
1301 1672 1414 1778 illi,
1484 1670 1497 1700 ⁸

143 1800 286 1908 quibua
337 1799 476 1883 omnia
525 1803 632 1908 patri
686 1803 730 1884 iu
786 1806 1028 1903 formatione
1062 1803 1193 1884 suetus
1224 1803 1419 1905 denegate

144 1927 288 2038 placet·
369 1924 527 2011 Nullus
577 1929 690 2011 enim
724 1929 868 2014 dubito
898 1927 1025 2012 liuius
1052 1929 1206 2033 generis
1233 1928 1423 2015 obserua-

144 2058 281 2140 tiones·
304 2078 386 2139 uon
418 2076 471 2137 ex
502 2054 958 2157 rmussrm'enarratae,
1010 2055 1248 2162 mirumque
1293 2052 1414 2136 illum

121 2180 182 2265 'in
215 2177 558 2272 obseruationibus
592 2179 777 2263 Naturae
807 2176 1134 2264 mechanlumum
1180 2178 1417 2288 negledum

138 2306 230 2394 esse.
296 2309 444 2394 Nostra
481 2327 606 2412 porro
637 2304 914 2390 obseruatione
947 2310 1071 2391 fretur
1104 2325 1148 2390 et
1179 2334 1199 2391 a
1234 2307 1418 2421 patuira·
1489 2400 1492 2405 ¹

113 2454 181 2521 re
232 2438 347 2545 penis
396 2429 564 2518 deduda
611 2453 850 2538 argumenta
897 2458 979 2517 nou
1031 2430 1168 2539 magni
1212 2432 1414 2519 momenti

130 2562 360 2669 existimor
412 2560 509 2671 quid
543 2561 656 2643 enim
692 2579 805 2645 retrt
834 2581 876 2644 et
910 2563 951 2644 in
977 2559 1051 2665 ,hir
1082 2566 1306 2669 supponere
1336 2586 1417 2646 ua-

134 2684 298 2787 lidioris
329 2685 628 2773 constitutionis
661 2688 899 2793 musculos,
933 2688 1078 2796 quibus
1110 2688 1322 2771 eiaculatio
1355 2691 1416 2772 se·
1557 2714 1560 2721 ’

134 2817 263 2900 minis
297 2817 544 2921 adiuurtnr,
593 2832 637 2899 et
677 2813 890 2913 rrerhoram
925 2819 973 2899 ad
1017 2810 1227 2897 orificium
1283 2816 1414 2918 magis

132 2946 429 3051 angustatam,
476 2964 524 3027 ut
566 2943 724 3025 mirum
760 2938 884 3027 illum
918 2941 1026 3026 uteri
1060 2942 1294 3025 descensum
1329 2941 1417 3027 ela·

21 3125 22 3128 κ
134 3068 193 3155 ris
230 3071 332 3156 uiris
362 3072 613 3155 obseruatum
651 3086 820 3152 taceam.

287 3194 463 3285 Seminis
510 3196 676 3307 eruptio
723 3196 865 3280 nolitis
914 3222 996 3283 non
1056 3198 1138 3283 line
1196 3192 1413 3303 uoluptate

134 3324 387 3433 contingit,
449 3344 492 3410 et
542 3349 637 3408 cum
703 3328 881 3431 quadam
950 3350 1121 3411 amoena
1188 3322 1414 3434 pulsatione

135 3452 401 3561 iuglande.
500 3450 705 3535 Praeterea
739 3451 827 3534 su'nt
894 3454 1013 3537 ualde
1063 3453 1208 3537 salaces
1241 3469 1284 3535 et
1347 3472 1453 3531 ce-·

134 3577 264 3664 letius
329 3581 423 3690 ipfis
461 3564 664 3666 excitatur
711 3577 931 3685 uoluptas;
980 3581 1039 3665 ast
1088 3600 1273 3699 temppre
1321 3577 1415 3686 plu·

23 3787 24 3808 ,
133 3708 248 3793 rioso
294 3727 338 3793 et
387 3710 528 3795 lurido
576 3708 699 3816 friget
749 3706 915 3807 Venor;
960 3709 1131 3793 testiculi
1164 3708 1276 3791 enim
1314 3726 1413 3789 tunc

132 3836 401 3922 retrahuntur
435 3838 476 3920 in
529 3835 729 3943 inguina,
776 3830 916 3917 dolent
965 3853 1006 3918 et
1053 3852 1188 3918 totum
1244 3831 1412 3937 fatigant

24 3973 25 4066 J
129 3990 312 4074 corpus,
362 3984 548 4073 tempore
599 3989 700 4051 uero
731 3962 888 4045 sereno
934 3962 1093 4053 iterum
1143 3964 1186 4044 in
1237 3959 1437 4079 sacculos·

24 4105 25 4151 ³
128 4092 252 4178 scroti
285 4094 556 4199 delabuntur,
587 4092 886 4205 pristinumque
915 4091 1079 4203 corpori
1122 4091 1291 4174 reddunt
1345 4089 1412 4171 ri·

25 4247 26 4264 ¹
126 4240 286 4325 gorem.
375 4222 502 4305 Vrina
551 4224 640 4311 cito
671 4214 913 4322 colligitur,
945 4221 1107 4328 citoque
1140 4217 1191 4302 ob
1215 4211 1411 4301 'breuita-

128 4365 220 4433 tem
252 4347 444 4436 rrethrae
473 4349 658 4436 elabitur·
731 4344 859 4433 Vites
912 4344 1007 4455 ipsis
1060 4370 1138 4429 non
1189 4346 1410 4440 femineae,

27 4529 33 4588 2
124 4478 189 4563 sed
227 4480 420 4567 masculae
450 4494 494 4563 et
528 4481 575 4563 ad
592 4482 831 4565 exercendos
846 4473 1088 4559 colonorum
1108 4473 1256 4559 laborer
1281 4486 1409 4575 aptae.

190 4602 756 4698 Tom.XV1.Nou.Comm.
929 4604 976 4691 X
992 4623 1022 4690 x
1038 4622 1087 4736 u¹
1305 4595 1414 4682 llaec
