4225 5634
626 525 630 533 ’
725 522 820 637 ‘542
938 456 1774 615 crearuvscnanco'rnns

717 780 742 840 a
777 750 873 863 gula
904 756 953 841 ad
985 749 1362 867 pinnasuenttales
1394 748 1693 862 planiusculus,
1735 750 1784 837 ab
1816 744 1915 839 binc
1942 758 1982 846 ad

716 906 843 969 anum
877 885 920 969 in
954 890 1133 970 carinam
1166 904 1323 967 acutam
1358 879 1619 989 contradus,
1649 884 1821 966 caudam
1855 886 1981 973 versus

714 1009 996 1120 rotundatos,
1051 1011 1178 1097 latero
1227 1032 1414 1095 connexo
1431 1052 1451 1069 -
1472 1007 1623 1119 plana,
1671 1009 1768 1095 linea
1818 1007 1980 1099 lutetals
2087 1042 2091 1051 ·

713 1140 903 1225 deorsum
936 1158 1132 1244 arcuata,
1166 1141 1302 1227 ventri
1334 1138 1502 1248 propior
1533 1153 1575 1219 et
1609 1136 1833 1249 parallelo,
1878 1154 1977 1252 pun·

713 1266 791 1353 etis
822 1267 988 1353 eleuatis
1015 1266 1158 1361 albidis
1188 1268 1354 1355 circiter
1388 1286 1461 1369 70.
1524 1261 1719 1372 Squamae
1749 1290 1877 1351 omne
1904 1294 1978 1358 cor·

711 1419 791 1507 pus
822 1396 1052 1505 obtegentes
1072 1398 1381 1508 ,rotundatae,
1414 1392 1674 1502 imbricatae,
1708 1394 1899 1501 striatae,
1941 1399 1976 1485 in

711 1523 830 1609 dorso
859 1548 912 1609 ex
943 1526 1166 1611 canescenti
1196 1543 1237 1611 et
1270 1524 1480 1611 uirestenti
1514 1544 1724 1629 argenteae
1756 1543 1797 1606 et
1830 1528 1980 1636 pondis

709 1650 826 1735 sulcis
876 1654 1103 1757 irrotatae,
1151 1654 1216 1749 ad
1252 1651 1375 1738 latera
1422 1632 1624 1761 splendide
1654 1670 1895 1757 argenteae,
1939 1660 1980 1743 in

664 1803 666 1806 ·
712 1796 857 1865 ventre
890 1782 1065 1887 lasteaer
1114 1805 1211 1868 anus
1243 1784 1389 1867 caudae
1430 1776 1566 1865 multo
1615 1774 1813 1891 propior,
1861 1808 1978 1891 quam

714 1908 869 2020 capiti,
905 1912 1097 2021 proxime
1129 1930 1220 1995 ante
1252 1912 1416 2019 pinnam
1452 1910 1551 2013 ani,
1583 1930 1770 2019 apertura
1801 1909 1982 2027 duplici]
2101 1939 2104 1993 t

849 2056 972 2141 Pinna
1003 2058 1162 2168 dorsalis
1196 2061 1379 2143 medium
1415 2054 1495 2141 lere
1525 2056 1631 2143 dorsi
1665 2083 1887 2171 occupans,
1920 2062 1995 2147 lub'
2096 2075 2104 2161 =l

709 2184 984 2295 quadratica,
1033 2188 1285 2291 sul'cescens',
1335 2186 1458 2290 radiis
1502 2187 1751 2288 duodecim,¹
1802 2212 1982 2296 quorum

708 2316 869 2424 primus
895 2318 1072 2400 seeundo
1103 2315 1278 2399 dimidio
1324 2315 1521 2414 breuior,
1569 2318 1756 2413 secundus
1802 2317 1987 2423 longiffi-
2089 2374 2104 2402 ,.

708 2464 834 2546 mus,
867 2446 989 2531 ambo
1021 2447 1208 2552 integri,
1240 2444 1387 2555 reliqui
1418 2444 1677 2530 decrescentes
1707 2463 1749 2531 et
1781 2446 1985 2567 ennon,
2087 2506 2104 2523 -.

654 2699 658 2706 ,
846 2611 987 2698 Pinnae
1020 2608 1239 2700 Pesloraler
1287 2633 1391 2722 pone
1440 2606 1726 2695 branchiarum
1774 2610 1989 2714 lbramnn,
2083 2628 2104 2646 ··

704 2734 1220 2847 oblongo-acuminatas,
1268 2742 1410 2843 albae,
1445 2741 1563 2823 radiis
1595 2740 1723 2847 uulgo
1753 2742 1987 2843 sexdecim,
2089 2757 2104 2776 “

704 2870 835 2953 rarius
867 2870 1094 2979 quindecim
1127 2868 1198 2953 vel
1230 2867 1549 2975 septemdecim,
1593 2890 1774 2977 quorum
1822 2872 2003 2978 primus,

705 3000 946 3099 maximus,
977 2998 1147 3109 reliquis
1179 2995 1410 3099 robustior,
1442 3002 1569 3082 luscus
1601 3018 1640 3079 et
1675 2994 1894 3109 simplex,
1929 3026 1995 3087 re-
2095 3021 2104 3039 '¹

628 3198 633 3214 .
699 3117 805 3234 liqui
839 3126 1092 3232 subramosr‚
1125 3122 1266 3209 ultimi
1299 3124 1467 3209 minimi
1499 3143 1542 3209 et
1574 3124 1772 3234 proximi.

753 3340 757 3349 ·
853 3292 995 3377 Pinnae
1027 3286 1223 3375 oentrobe
1242 3312 1362 3398 pone
1395 3286 1646 3398 pectorales,
1697 3314 1855 3401 parurn
1897 3312 2003 3381 ante
2103 3288 2104 3299 '

697 3416 933 3524 dorsalem,
985 3419 1027 3500 in
1081 3417 1216 3503 medio
1264 3416 1498 3502 abdomine
1530 3417 1655 3522 sitae,
1707 3425 2007 3531 rotundatae,

644 3603 665 3625 ι.
697 3546 840 3653 albae,
890 3547 1010 3638 radiis
1059 3568 1248 3649 nouem,
1300 3568 1482 3655 quorum
1536 3547 1693 3655 primus
1739 3546 1929 3657 longior
1963 3572 2009 3640 et

583 3720 589 3731 ·
701 3675 909 3787 simplex,
943 3673 1092 3787 reliqui
1125 3676 1391 3761 decrescentes
1420 3694 1461 3759 et
1493 3676 1608 3760 valde
1641 3677 1847 3785 ramosa,
1884 3707 2009 3767 acee-

695 3802 759 3890 dit
789 3807 969 3915 superius
999 3806 1046 3891 ad
1077 3803 1296 3914 pinnarum
1331 3804 1480 3889 barum
1525 3802 1698 3890 radicem
1754 3810 2013 3922 'apopbyds

693 3930 931 4053 squamosa,
963 3931 1210 4037 lanceolata,
1242 3931 1344 4019 alba.
1492 4012 1497 4019 ,
1608 4006 1610 4013 s

837 4091 959 4182 Pitura
991 4094 1058 4176 ani
1091 4094 1278 4179 medium
1332 4095 1440 4181 inter
1488 4093 1628 4203 pinnas
1675 4100 1925 4192 ventrales
1975 4121 2022 4191 et

689 4226 859 4320 caudam
907 4243 1133 4333 occupans,
1186 4222 1440 4325 decrescens,
1472 4223 1590 4306 radiis
1623 4223 1772 4329 uulgo
1814 4258 2022 4321 nouem.
2103 4286 2104 4333 ,

689 4363 858 4466 decim,
906 4351 1154 4439 variantibus
1197 4350 1305 4436 inter
1344 4374 1398 4455 17
1432 4354 1637 4462 usquead
1672 4376 1771 4460 20,
1811 4390 2026 4474 quorum

685 4492 850 4609 primus
878 4478 1167 4594 breuissimus,
1198 4482 1387 4571 secundus
1418 4482 1551 4596 duplo
1580 4479 1809 4593 longior,
1861 4501 2035 4587 tertius

1926 4626 2030 4717 lon·
2103 4624 2104 4713 l
